% Bibtex bibliography file for Doug Owings's dissertation: Indeterminacy and Logical Atoms
% This file was created with JabRef 2.6.
% Encoding: Cp1252

@BOOK{Despagnat:1999,
  title = {Conceptual {F}oundations of {Q}uantum {M}echanics},
  publisher = {Pereus Books, Reading, Mass.},
  year = {1999},
  author = {Bernard d'Espagnat},
  edition = {2},
  date-added = {2010-09-10 10:48:06 -0400},
  date-modified = {2010-09-10 10:53:02 -0400}
}

@BOOK{Luk1957,
  title = {Aristotle's {S}yllogistic from the {S}tandpoint of {M}odern {F}ormal
	{L}ogic},
  publisher = {Oxford: Clarendon Press},
  year = {1957},
  author = {Jan {\L}ukasiewicz},
  date-added = {2011-03-08 18:27:27 -0500},
  date-modified = {2011-03-08 18:29:59 -0500}
}

@ARTICLE{Luk1920,
  author = {Jan {\L}ukasiewicz},
  title = {On 3-valued logic},
  journal = {Ruch Filozoficzny},
  year = {1920},
  volume = {5},
  pages = {169-171},
  owner = {HP_Administrator},
  timestamp = {2011.03.12}
}

@ARTICLE{Armstrong:2006,
  author = {Armstrong, D. M.},
  title = {Reply to {C}heyne and {P}idgen},
  journal = {Australasian Journal of Philosophy},
  year = {2006},
  volume = {84},
  pages = {267-268},
  bdsk-file-1 = {YnBsaXN0MDDUAQIDBAUIJidUJHRvcFgkb2JqZWN0c1gkdmVyc2lvblkkYXJjaGl2ZXLRBgdUcm9vdIABqAkKFRYXGyIjVSRudWxs0wsMDQ4RFFpOUy5vYmplY3RzV05TLmtleXNWJGNsYXNzog8QgASABqISE4ACgAOAB1lhbGlhc0RhdGFccmVsYXRpdmVQYXRo0hgNGRpXTlMuZGF0YU8RAdwAAAAAAdwAAgAACEtJTkdTVE9OAAAAAAAAAAAAAAAAAAAAAAAAAAAAAABCRAAB/////x9Bcm1zdHJvbmctUmVwbHlUb0MjRkZGRkZGRkYucGRmAAAAAAAAAAAAAAAAAAAAAAAAAAAAAAAAAAAAAAAAAAD/////AAAAAAAAAAAAAAAAAAEABAAACgJJUwAAAAAAAAAAAAAAAAAVQXJtc3Ryb25nIE1ldGFwaHlzaWNzAAACAFsvOlZvbHVtZXM6S0lOR1NUT046RGlzczphcnRpY2xlczpBcm1zdHJvbmcgTWV0YXBoeXNpY3M6QXJtc3Ryb25nLVJlcGx5VG9DaGV5bmVBbmRQaWRnZW4ucGRmAAAOAEoAJABBAHIAbQBzAHQAcgBvAG4AZwAtAFIAZQBwAGwAeQBUAG8AQwBoAGUAeQBuAGUAQQBuAGQAUABpAGQAZwBlAG4ALgBwAGQAZgAPABIACABLAEkATgBHAFMAVABPAE4AEgBJL0Rpc3MvYXJ0aWNsZXMvQXJtc3Ryb25nIE1ldGFwaHlzaWNzL0FybXN0cm9uZy1SZXBseVRvQ2hleW5lQW5kUGlkZ2VuLnBkZgAAEwARL1ZvbHVtZXMvS0lOR1NUT04A//8AAIAF0hwdHh9YJGNsYXNzZXNaJGNsYXNzbmFtZaMfICFdTlNNdXRhYmxlRGF0YVZOU0RhdGFYTlNPYmplY3RfEENhcnRpY2xlcy9Bcm1zdHJvbmcgTWV0YXBoeXNpY3MvQXJtc3Ryb25nLVJlcGx5VG9DaGV5bmVBbmRQaWRnZW4ucGRm0hwdJCWiJSFcTlNEaWN0aW9uYXJ5EgABhqBfEA9OU0tleWVkQXJjaGl2ZXIACAARABYAHwAoADIANQA6ADwARQBLAFIAXQBlAGwAbwBxAHMAdgB4AHoAfACGAJMAmACgAoACggKHApACmwKfAq0CtAK9AwMDCAMLAxgDHQAAAAAAAAIBAAAAAAAAACgAAAAAAAAAAAAAAAAAAAMv},
  owner = {HP_Administrator},
  timestamp = {2011.03.23}
}

@ARTICLE{Armstrong:2005,
  author = {Armstrong, D. M.},
  title = {Reply to {S}imons and {M}umford},
  journal = {Australasian Journal of Philosophy},
  year = {2005},
  volume = {83},
  pages = {271-276},
  bdsk-file-1 = {YnBsaXN0MDDUAQIDBAUIJidUJHRvcFgkb2JqZWN0c1gkdmVyc2lvblkkYXJjaGl2ZXLRBgdUcm9vdIABqAkKFRYXGyIjVSRudWxs0wsMDQ4RFFpOUy5vYmplY3RzV05TLmtleXNWJGNsYXNzog8QgASABqISE4ACgAOAB1lhbGlhc0RhdGFccmVsYXRpdmVQYXRo0hgNGRpXTlMuZGF0YU8RAd4AAAAAAd4AAgAACEtJTkdTVE9OAAAAAAAAAAAAAAAAAAAAAAAAAAAAAABCRAAB/////x9Bcm1zdHJvbmctUmVwbHlUb1MjRkZGRkZGRkYucGRmAAAAAAAAAAAAAAAAAAAAAAAAAAAAAAAAAAAAAAAAAAD/////AAAAAAAAAAAAAAAAAAEABAAACgJJUwAAAAAAAAAAAAAAAAAVQXJtc3Ryb25nIE1ldGFwaHlzaWNzAAACAFwvOlZvbHVtZXM6S0lOR1NUT046RGlzczphcnRpY2xlczpBcm1zdHJvbmcgTWV0YXBoeXNpY3M6QXJtc3Ryb25nLVJlcGx5VG9TaW1vbnNBbmRNdW1mb3JkLnBkZgAOAEwAJQBBAHIAbQBzAHQAcgBvAG4AZwAtAFIAZQBwAGwAeQBUAG8AUwBpAG0AbwBuAHMAQQBuAGQATQB1AG0AZgBvAHIAZAAuAHAAZABmAA8AEgAIAEsASQBOAEcAUwBUAE8ATgASAEovRGlzcy9hcnRpY2xlcy9Bcm1zdHJvbmcgTWV0YXBoeXNpY3MvQXJtc3Ryb25nLVJlcGx5VG9TaW1vbnNBbmRNdW1mb3JkLnBkZgATABEvVm9sdW1lcy9LSU5HU1RPTgD//wAAgAXSHB0eH1gkY2xhc3Nlc1okY2xhc3NuYW1lox8gIV1OU011dGFibGVEYXRhVk5TRGF0YVhOU09iamVjdF8QRGFydGljbGVzL0FybXN0cm9uZyBNZXRhcGh5c2ljcy9Bcm1zdHJvbmctUmVwbHlUb1NpbW9uc0FuZE11bWZvcmQucGRm0hwdJCWiJSFcTlNEaWN0aW9uYXJ5EgABhqBfEA9OU0tleWVkQXJjaGl2ZXIACAARABYAHwAoADIANQA6ADwARQBLAFIAXQBlAGwAbwBxAHMAdgB4AHoAfACGAJMAmACgAoIChAKJApICnQKhAq8CtgK/AwYDCwMOAxsDIAAAAAAAAAIBAAAAAAAAACgAAAAAAAAAAAAAAAAAAAMy},
  owner = {HP_Administrator},
  timestamp = {2011.03.23}
}

@BOOK{Armstrong2004,
  title = {Truth and Truthmakers},
  publisher = {Cambridge University Press},
  year = {2004},
  author = {Armstrong, D. M.},
  timestamp = {2011.04.20}
}

@ARTICLE{Armstrong:2000,
  author = {Armstrong, D. M.},
  title = {Difficult Cases in the Theory of Truthmaking},
  journal = {Monist},
  year = {2000},
  volume = {83},
  pages = {150-161},
  bdsk-file-1 = {YnBsaXN0MDDUAQIDBAUIJidUJHRvcFgkb2JqZWN0c1gkdmVyc2lvblkkYXJjaGl2ZXLRBgdUcm9vdIABqAkKFRYXGyIjVSRudWxs0wsMDQ4RFFpOUy5vYmplY3RzV05TLmtleXNWJGNsYXNzog8QgASABqISE4ACgAOAB1lhbGlhc0RhdGFccmVsYXRpdmVQYXRo0hgNGRpXTlMuZGF0YU8RAe4AAAAAAe4AAgAACEtJTkdTVE9OAAAAAAAAAAAAAAAAAAAAAAAAAAAAAABCRAAB/////x9Bcm1zdHJvbmctRGlmZmljdWwjRkZGRkZGRkYucGRmAAAAAAAAAAAAAAAAAAAAAAAAAAAAAAAAAAAAAAAAAAD/////AAAAAAAAAAAAAAAAAAEABAAACgJJUwAAAAAAAAAAAAAAAAAVQXJtc3Ryb25nIE1ldGFwaHlzaWNzAAACAGAvOlZvbHVtZXM6S0lOR1NUT046RGlzczphcnRpY2xlczpBcm1zdHJvbmcgTWV0YXBoeXNpY3M6QXJtc3Ryb25nLURpZmZpY3VsdENhc2VzSW5UcnV0aG1ha2luZy5wZGYADgBUACkAQQByAG0AcwB0AHIAbwBuAGcALQBEAGkAZgBmAGkAYwB1AGwAdABDAGEAcwBlAHMASQBuAFQAcgB1AHQAaABtAGEAawBpAG4AZwAuAHAAZABmAA8AEgAIAEsASQBOAEcAUwBUAE8ATgASAE4vRGlzcy9hcnRpY2xlcy9Bcm1zdHJvbmcgTWV0YXBoeXNpY3MvQXJtc3Ryb25nLURpZmZpY3VsdENhc2VzSW5UcnV0aG1ha2luZy5wZGYAEwARL1ZvbHVtZXMvS0lOR1NUT04A//8AAIAF0hwdHh9YJGNsYXNzZXNaJGNsYXNzbmFtZaMfICFdTlNNdXRhYmxlRGF0YVZOU0RhdGFYTlNPYmplY3RfEEhhcnRpY2xlcy9Bcm1zdHJvbmcgTWV0YXBoeXNpY3MvQXJtc3Ryb25nLURpZmZpY3VsdENhc2VzSW5UcnV0aG1ha2luZy5wZGbSHB0kJaIlIVxOU0RpY3Rpb25hcnkSAAGGoF8QD05TS2V5ZWRBcmNoaXZlcgAIABEAFgAfACgAMgA1ADoAPABFAEsAUgBdAGUAbABvAHEAcwB2AHgAegB8AIYAkwCYAKACkgKUApkCogKtArECvwLGAs8DGgMfAyIDLwM0AAAAAAAAAgEAAAAAAAAAKAAAAAAAAAAAAAAAAAAAA0Y=},
  owner = {HP_Administrator},
  timestamp = {2011.03.23}
}

@BOOK{Armstrong:89,
  title = {A Combinatorial {T}heory of {P}ossibility},
  publisher = {Cambridge University Press},
  year = {1989},
  author = {Armstrong, D. M.},
  owner = {HP_Administrator},
  timestamp = {2009.01.23}
}

@ARTICLE{Armstrong:86,
  author = {Armstrong, D. M.},
  title = {The Nature of Possibility},
  journal = {Canadian Journal of Philosophy},
  year = {1986},
  volume = {16},
  pages = {575-94},
  owner = {HP_Administrator},
  timestamp = {2009.01.23}
}

@ARTICLE{Barnes:1944,
  author = {Winston H. F. Barnes},
  title = {The myth of sense data},
  journal = {Proceedings of the Aristotelean Society},
  year = {1944},
  volume = {45},
  pages = {89-117},
  date-added = {2010-09-04 17:22:54 -0400},
  date-modified = {2010-09-10 10:35:39 -0400}
}

@INCOLLECTION{Beall:2005,
  author = {JC Beall},
  title = {Transparent disquotationalism},
  booktitle = {Deflationism and Paradox},
  publisher = {Oxford University Press},
  year = {2005},
  editor = {JC Beall and Bradley Armour-Garb},
  pages = {7-22},
  date-added = {2010-09-04 17:22:54 -0400},
  date-modified = {2010-09-10 10:56:28 -0400}
}

@ARTICLE{Beall:2000,
  author = {Beall, J.},
  title = {On truthmakers for negative truths},
  journal = {Australasian Journal of Philosophy},
  year = {2000},
  volume = {78},
  pages = {264-268},
  bdsk-file-1 = {YnBsaXN0MDDUAQIDBAUIJidUJHRvcFgkb2JqZWN0c1gkdmVyc2lvblkkYXJjaGl2ZXLRBgdUcm9vdIABqAkKFRYXGyIjVSRudWxs0wsMDQ4RFFpOUy5vYmplY3RzV05TLmtleXNWJGNsYXNzog8QgASABqISE4ACgAOAB1lhbGlhc0RhdGFccmVsYXRpdmVQYXRo0hgNGRpXTlMuZGF0YU8RAeQAAAAAAeQAAgAACEtJTkdTVE9OAAAAAAAAAAAAAAAAAAAAAAAAAAAAAABCRAAB/////x9CZWFsbC1UcnV0aG1ha2Vyc0YjRkZGRkZGRkYucGRmAAAAAAAAAAAAAAAAAAAAAAAAAAAAAAAAAAAAAAAAAAD/////AAAAAAAAAAAAAAAAAAEABAAACgJJUwAAAAAAAAAAAAAAAAAVQXJtc3Ryb25nIE1ldGFwaHlzaWNzAAACAF0vOlZvbHVtZXM6S0lOR1NUT046RGlzczphcnRpY2xlczpBcm1zdHJvbmcgTWV0YXBoeXNpY3M6QmVhbGwtVHJ1dGhtYWtlcnNGb3JOZWdhdGl2ZVRydXRocy5wZGYAAA4ATgAmAEIAZQBhAGwAbAAtAFQAcgB1AHQAaABtAGEAawBlAHIAcwBGAG8AcgBOAGUAZwBhAHQAaQB2AGUAVAByAHUAdABoAHMALgBwAGQAZgAPABIACABLAEkATgBHAFMAVABPAE4AEgBLL0Rpc3MvYXJ0aWNsZXMvQXJtc3Ryb25nIE1ldGFwaHlzaWNzL0JlYWxsLVRydXRobWFrZXJzRm9yTmVnYXRpdmVUcnV0aHMucGRmAAATABEvVm9sdW1lcy9LSU5HU1RPTgD//wAAgAXSHB0eH1gkY2xhc3Nlc1okY2xhc3NuYW1lox8gIV1OU011dGFibGVEYXRhVk5TRGF0YVhOU09iamVjdF8QRWFydGljbGVzL0FybXN0cm9uZyBNZXRhcGh5c2ljcy9CZWFsbC1UcnV0aG1ha2Vyc0Zvck5lZ2F0aXZlVHJ1dGhzLnBkZtIcHSQloiUhXE5TRGljdGlvbmFyeRIAAYagXxAPTlNLZXllZEFyY2hpdmVyAAgAEQAWAB8AKAAyADUAOgA8AEUASwBSAF0AZQBsAG8AcQBzAHYAeAB6AHwAhgCTAJgAoAKIAooCjwKYAqMCpwK1ArwCxQMNAxIDFQMiAycAAAAAAAACAQAAAAAAAAAoAAAAAAAAAAAAAAAAAAADOQ==},
  owner = {HP_Administrator},
  timestamp = {2011.03.23}
}

@BOOK{Beall:2003,
  title = {Possibilities and {P}aradox},
  publisher = {Oxford University Press},
  year = {2003},
  author = {Jc Beall and Bas C. van Fraassen},
  date-added = {2010-09-04 17:22:54 -0400},
  date-modified = {2010-09-04 17:22:54 -0400}
}

@BOOK{Beall2006,
  title = {Logical Pluralsim},
  publisher = {Oxford University Press},
  year = {2006},
  author = {JC Beall and Greg Restall},
  timestamp = {2011.04.18}
}

@BOOK{vanFraassen1991,
  title = {Logic, {B}ivalence and {D}enotation},
  publisher = {Ridgeview},
  year = {1991},
  author = {Ermanno Bencivwenga and Karel Lambert and Bas C. van Fraassen},
  edition = {2},
  timestamp = {2011.04.18}
}

@ARTICLE{Bergmann1957,
  author = {Gustav Bergmann},
  title = {The Revolt Against Logical Atomism},
  journal = {The Philosophical Quarterly},
  year = {1957},
  volume = {7},
  pages = {323-339},
  date-added = {2011-03-26 18:47:59 -0400},
  date-modified = {2011-03-26 18:48:58 -0400}
}

@ARTICLE{Bochvar1937,
  author = {D. A. Bochvar},
  title = {On a Three-valued Logical Calculus and Its Application to the Analysis
	of the Paradoxes of the Classical Extended Functional Calculus},
  journal = {Mathematicheskii sbornik},
  year = {1937},
  volume = {4},
  pages = {287-308},
  number = {46},
  date-added = {2011-03-10 22:53:38 -0500},
  date-modified = {2011-03-10 22:55:42 -0500}
}

@BOOK{Bradley:92,
  title = {The {N}ature of {A}ll {B}eing},
  publisher = {Oxford University Press},
  year = {1992},
  author = {Raymond Bradley},
  owner = {HP_Administrator},
  timestamp = {2009.01.29}
}

@ARTICLE{Bradley1989,
  author = {Raymond Bradley},
  title = {Possibility and Combinatorialism: Wittgenstein Versus Armstrong},
  journal = {Canadian Journal of Philosophy},
  year = {1989},
  volume = {19},
  pages = {15-41},
  owner = {HP_Administrator},
  timestamp = {2011.03.21}
}

@ARTICLE{Bradley:89,
  author = {Bradley, R.},
  title = {Possibility and combinatorialism: Wittgenstein versus Armstrong},
  journal = {Canadian Journal of Philosophy},
  year = {1989},
  volume = {19},
  pages = {15-40},
  owner = {HP_Administrator},
  timestamp = {2009.01.23}
}

@ARTICLE{Broad:1952,
  author = {C. D. Broad},
  title = {Some elementary reflexions on sense-perception},
  journal = {Philosophy},
  year = {1952},
  volume = {27},
  pages = {29-48},
  date-added = {2011-03-26 00:39:02 -0400},
  date-modified = {2011-03-26 00:39:02 -0400}
}

@BOOK{Broad1933,
  title = {Examination of {M}c{T}aggart's {P}hilosophy},
  publisher = {Cambridge University Press},
  year = {1933},
  author = {Charles Dunbar Broad},
  __markedentry = {[HP_Administrator]},
  owner = {HP_Administrator},
  timestamp = {2011.03.21}
}

@BOOK{Broad:1927,
  title = {Scientific {T}hought},
  publisher = {Routledge, London},
  year = {1927},
  author = {Charles Dunbar Broad},
  date-added = {2010-09-04 17:22:54 -0400},
  date-modified = {2010-09-04 17:22:54 -0400}
}

@BOOK{Carruthers:1990,
  title = {The {M}etaphysics of the {T}ractatus},
  publisher = {Cambridge University Press},
  year = {1990},
  author = {Peter Carruthers},
  date-added = {2010-09-10 10:47:08 -0400},
  date-modified = {2010-09-10 10:47:58 -0400}
}

@INCOLLECTION{Chalmers:06,
  author = {David Chalmers},
  title = {Two-Dimensional Semantics},
  booktitle = {Oxford Handbook of the Philosophy of Language},
  publisher = {Oxford University Press},
  year = {2006},
  editor = {Ernest Lepore and Barry Smith},
  pages = {574-606},
  date-added = {2010-11-19 14:47:19 -0500},
  date-modified = {2010-11-19 16:32:50 -0500},
  owner = {HP_Administrator},
  timestamp = {2011.03.20}
}

@ARTICLE{Cheyne:2006,
  author = {Colin Cheyne and Charles Pidgen},
  title = {Negative truths from positive facts},
  journal = {Australasian Journal of Philosophy},
  year = {2006},
  volume = {84},
  pages = {249-265},
  bdsk-file-1 = {YnBsaXN0MDDUAQIDBAUIJidUJHRvcFgkb2JqZWN0c1gkdmVyc2lvblkkYXJjaGl2ZXLRBgdUcm9vdIABqAkKFRYXGyIjVSRudWxs0wsMDQ4RFFpOUy5vYmplY3RzV05TLmtleXNWJGNsYXNzog8QgASABqISE4ACgAOAB1lhbGlhc0RhdGFccmVsYXRpdmVQYXRo0hgNGRpXTlMuZGF0YU8RAgwAAAAAAgwAAgAACEtJTkdTVE9OAAAAAAAAAAAAAAAAAAAAAAAAAAAAAABCRAAB/////x9DaGV5bmVQaWRnZW4tTmVnYXQjRkZGRkZGRkYucGRmAAAAAAAAAAAAAAAAAAAAAAAAAAAAAAAAAAAAAAAAAAD/////AAAAAAAAAAAAAAAAAAEABAAACgJJUwAAAAAAAAAAAAAAAAAVQXJtc3Ryb25nIE1ldGFwaHlzaWNzAAACAGcvOlZvbHVtZXM6S0lOR1NUT046RGlzczphcnRpY2xlczpBcm1zdHJvbmcgTWV0YXBoeXNpY3M6Q2hleW5lUGlkZ2VuLU5lZ2F0aXZlVHJ1dGhzRnJvbVBvc2l0aXZlRmFjdHMucGRmAAAOAGIAMABDAGgAZQB5AG4AZQBQAGkAZABnAGUAbgAtAE4AZQBnAGEAdABpAHYAZQBUAHIAdQB0AGgAcwBGAHIAbwBtAFAAbwBzAGkAdABpAHYAZQBGAGEAYwB0AHMALgBwAGQAZgAPABIACABLAEkATgBHAFMAVABPAE4AEgBVL0Rpc3MvYXJ0aWNsZXMvQXJtc3Ryb25nIE1ldGFwaHlzaWNzL0NoZXluZVBpZGdlbi1OZWdhdGl2ZVRydXRoc0Zyb21Qb3NpdGl2ZUZhY3RzLnBkZgAAEwARL1ZvbHVtZXMvS0lOR1NUT04A//8AAIAF0hwdHh9YJGNsYXNzZXNaJGNsYXNzbmFtZaMfICFdTlNNdXRhYmxlRGF0YVZOU0RhdGFYTlNPYmplY3RfEE9hcnRpY2xlcy9Bcm1zdHJvbmcgTWV0YXBoeXNpY3MvQ2hleW5lUGlkZ2VuLU5lZ2F0aXZlVHJ1dGhzRnJvbVBvc2l0aXZlRmFjdHMucGRm0hwdJCWiJSFcTlNEaWN0aW9uYXJ5EgABhqBfEA9OU0tleWVkQXJjaGl2ZXIACAARABYAHwAoADIANQA6ADwARQBLAFIAXQBlAGwAbwBxAHMAdgB4AHoAfACGAJMAmACgArACsgK3AsACywLPAt0C5ALtAz8DRANHA1QDWQAAAAAAAAIBAAAAAAAAACgAAAAAAAAAAAAAAAAAAANr},
  owner = {HP_Administrator},
  timestamp = {2011.03.23}
}

@ARTICLE{Collier:1974,
  author = {Kenneth Collier},
  title = {A Result of Extending Bochvar's 3-valued Logic},
  journal = {Notre Dame Journal of Formal Logic},
  year = {1974},
  volume = {15},
  pages = {344-6},
  number = {2},
  bdsk-file-1 = {YnBsaXN0MDDUAQIDBAUIJidUJHRvcFgkb2JqZWN0c1gkdmVyc2lvblkkYXJjaGl2ZXLRBgdUcm9vdIABqAkKFRYXGyIjVSRudWxs0wsMDQ4RFFpOUy5vYmplY3RzV05TLmtleXNWJGNsYXNzog8QgASABqISE4ACgAOAB1lhbGlhc0RhdGFccmVsYXRpdmVQYXRo0hgNGRpXTlMuZGF0YU8RAbQAAAAAAbQAAgAACEtJTkdTVE9OAAAAAAAAAAAAAAAAAAAAAAAAAAAAAABCRAAB/////x9Db2xsaWVyLUV4dGVuZGluZ0IjRkZGRkZGRkYucGRmAAAAAAAAAAAAAAAAAAAAAAAAAAAAAAAAAAAAAAAAAAD/////AAAAAFBERiBDQVJPAAEAAwAACgJJUwAAAAAAAAAAAAAAAAAIYXJ0aWNsZXMAAgBKLzpWb2x1bWVzOktJTkdTVE9OOkRpc3M6YXJ0aWNsZXM6Q29sbGllci1FeHRlbmRpbmdCb2NodmFyczNWYWx1ZWRMb2dpYy5wZGYADgBUACkAQwBvAGwAbABpAGUAcgAtAEUAeAB0AGUAbgBkAGkAbgBnAEIAbwBjAGgAdgBhAHIAcwAzAFYAYQBsAHUAZQBkAEwAbwBnAGkAYwAuAHAAZABmAA8AEgAIAEsASQBOAEcAUwBUAE8ATgASADgvRGlzcy9hcnRpY2xlcy9Db2xsaWVyLUV4dGVuZGluZ0JvY2h2YXJzM1ZhbHVlZExvZ2ljLnBkZgATABEvVm9sdW1lcy9LSU5HU1RPTgD//wAAgAXSHB0eH1gkY2xhc3Nlc1okY2xhc3NuYW1lox8gIV1OU011dGFibGVEYXRhVk5TRGF0YVhOU09iamVjdF8QMmFydGljbGVzL0NvbGxpZXItRXh0ZW5kaW5nQm9jaHZhcnMzVmFsdWVkTG9naWMucGRm0hwdJCWiJSFcTlNEaWN0aW9uYXJ5EgABhqBfEA9OU0tleWVkQXJjaGl2ZXIACAARABYAHwAoADIANQA6ADwARQBLAFIAXQBlAGwAbwBxAHMAdgB4AHoAfACGAJMAmACgAlgCWgJfAmgCcwJ3AoUCjAKVAsoCzwLSAt8C5AAAAAAAAAIBAAAAAAAAACgAAAAAAAAAAAAAAAAAAAL2},
  date-added = {2010-09-10 10:27:12 -0400},
  date-modified = {2010-09-10 10:30:37 -0400}
}

@INCOLLECTION{Corcoran1974,
  author = {John Corcoran},
  title = {Aristotle's Natural Deduction System},
  booktitle = {Ancient Logic and Its Modern Interpretations},
  publisher = {Dordrecht: D. Reidel},
  year = {1974},
  editor = {John Corcoran},
  pages = {85-131},
  date-added = {2011-03-08 18:31:47 -0500},
  date-modified = {2011-03-08 18:34:54 -0500}
}

@ARTICLE{Corcoran1972,
  author = {John Corcoran},
  title = {Completeness of an Ancient Logic},
  journal = {Journal of Symbolic Logic},
  year = {1972},
  volume = {37},
  pages = {696-702},
  date-added = {2011-03-08 18:30:30 -0500},
  date-modified = {2011-03-08 21:31:47 -0500}
}

@ARTICLE{Cresswell:79,
  author = {Cresswell, M.},
  title = {The world is everything that is the case},
  journal = {Australasian Journal of Philosophy},
  year = {1979},
  volume = {50},
  pages = {1-13},
  bdsk-file-1 = {YnBsaXN0MDDUAQIDBAUIJidUJHRvcFgkb2JqZWN0c1gkdmVyc2lvblkkYXJjaGl2ZXLRBgdUcm9vdIABqAkKFRYXGyIjVSRudWxs0wsMDQ4RFFpOUy5vYmplY3RzV05TLmtleXNWJGNsYXNzog8QgASABqISE4ACgAOAB1lhbGlhc0RhdGFccmVsYXRpdmVQYXRo0hgNGRpXTlMuZGF0YU8RAcoAAAAAAcoAAgAACEtJTkdTVE9OAAAAAAAAAAAAAAAAAAAAAAAAAAAAAABCRAAB/////x9DcmVzc3dlbGw3OS1Xb3JsZEkjRkZGRkZGRkYucGRmAAAAAAAAAAAAAAAAAAAAAAAAAAAAAAAAAAAAAAAAAAD/////AAAAAAAAAAAAAAAAAAEAAwAACgJJUwAAAAAAAAAAAAAAAAAIYXJ0aWNsZXMAAgBPLzpWb2x1bWVzOktJTkdTVE9OOkRpc3M6YXJ0aWNsZXM6Q3Jlc3N3ZWxsNzktV29ybGRJc0V2ZXJ5dGhpbmdUaGF0SXNUaGVDYXNlLnBkZgAADgBeAC4AQwByAGUAcwBzAHcAZQBsAGwANwA5AC0AVwBvAHIAbABkAEkAcwBFAHYAZQByAHkAdABoAGkAbgBnAFQAaABhAHQASQBzAFQAaABlAEMAYQBzAGUALgBwAGQAZgAPABIACABLAEkATgBHAFMAVABPAE4AEgA9L0Rpc3MvYXJ0aWNsZXMvQ3Jlc3N3ZWxsNzktV29ybGRJc0V2ZXJ5dGhpbmdUaGF0SXNUaGVDYXNlLnBkZgAAEwARL1ZvbHVtZXMvS0lOR1NUT04A//8AAIAF0hwdHh9YJGNsYXNzZXNaJGNsYXNzbmFtZaMfICFdTlNNdXRhYmxlRGF0YVZOU0RhdGFYTlNPYmplY3RfEDdhcnRpY2xlcy9DcmVzc3dlbGw3OS1Xb3JsZElzRXZlcnl0aGluZ1RoYXRJc1RoZUNhc2UucGRm0hwdJCWiJSFcTlNEaWN0aW9uYXJ5EgABhqBfEA9OU0tleWVkQXJjaGl2ZXIACAARABYAHwAoADIANQA6ADwARQBLAFIAXQBlAGwAbwBxAHMAdgB4AHoAfACGAJMAmACgAm4CcAJ1An4CiQKNApsCogKrAuUC6gLtAvoC/wAAAAAAAAIBAAAAAAAAACgAAAAAAAAAAAAAAAAAAAMR},
  owner = {HP_Administrator},
  timestamp = {2009.01.23}
}

@ARTICLE{Dishkant:78,
  author = {Herman Dishkant},
  title = {An extension of the Lukasiewicz Logic to the Modal Logic of Quantum
	Mechanics},
  journal = {Studia Logica},
  year = {1978},
  volume = {37},
  pages = {149-155},
  bdsk-file-1 = {YnBsaXN0MDDUAQIDBAUIJidUJHRvcFgkb2JqZWN0c1gkdmVyc2lvblkkYXJjaGl2ZXLRBgdUcm9vdIABqAkKFRYXGyIjVSRudWxs0wsMDQ4RFFpOUy5vYmplY3RzV05TLmtleXNWJGNsYXNzog8QgASABqISE4ACgAOAB1lhbGlhc0RhdGFccmVsYXRpdmVQYXRo0hgNGRpXTlMuZGF0YU8RAcIAAAAAAcIAAgAACEtJTkdTVE9OAAAAAAAAAAAAAAAAAAAAAAAAAAAAAABCRAAB/////x9EaXNoa2FudDc4LUx1a01vZGEjRkZGRkZGRkYucGRmAAAAAAAAAAAAAAAAAAAAAAAAAAAAAAAAAAAAAAAAAAD/////AAAAAAAAAAAAAAAAAAEAAwAACgJJUwAAAAAAAAAAAAAAAAAIYXJ0aWNsZXMAAgBNLzpWb2x1bWVzOktJTkdTVE9OOkRpc3M6YXJ0aWNsZXM6RGlzaGthbnQ3OC1MdWtNb2RhbExvZ2ljUXVhbnR1bU1lY2hhbmljcy5wZGYAAA4AWgAsAEQAaQBzAGgAawBhAG4AdAA3ADgALQBMAHUAawBNAG8AZABhAGwATABvAGcAaQBjAFEAdQBhAG4AdAB1AG0ATQBlAGMAaABhAG4AaQBjAHMALgBwAGQAZgAPABIACABLAEkATgBHAFMAVABPAE4AEgA7L0Rpc3MvYXJ0aWNsZXMvRGlzaGthbnQ3OC1MdWtNb2RhbExvZ2ljUXVhbnR1bU1lY2hhbmljcy5wZGYAABMAES9Wb2x1bWVzL0tJTkdTVE9OAP//AACABdIcHR4fWCRjbGFzc2VzWiRjbGFzc25hbWWjHyAhXU5TTXV0YWJsZURhdGFWTlNEYXRhWE5TT2JqZWN0XxA1YXJ0aWNsZXMvRGlzaGthbnQ3OC1MdWtNb2RhbExvZ2ljUXVhbnR1bU1lY2hhbmljcy5wZGbSHB0kJaIlIVxOU0RpY3Rpb25hcnkSAAGGoF8QD05TS2V5ZWRBcmNoaXZlcgAIABEAFgAfACgAMgA1ADoAPABFAEsAUgBdAGUAbABvAHEAcwB2AHgAegB8AIYAkwCYAKACZgJoAm0CdgKBAoUCkwKaAqMC2wLgAuMC8AL1AAAAAAAAAgEAAAAAAAAAKAAAAAAAAAAAAAAAAAAAAwc=},
  owner = {HP_Administrator},
  timestamp = {2009.01.26}
}

@ARTICLE{Edgington:04,
  author = {Edgington, Dorothy},
  title = {Two Kinds of Possibility},
  journal = {Aristotelian Society: Supplementary Volume},
  year = {2004},
  volume = {78},
  pages = {1-22},
  owner = {HP_Administrator},
  timestamp = {2009.04.30}
}

@INCOLLECTION{Field:2003,
  author = {Hartry Field},
  title = {Semantic paradoxes and the paradoxes of vagueness},
  booktitle = {Liars and heaps: new essays on paradox},
  publisher = {Clarendon Press, Oxford},
  year = {2003},
  editor = {JC Beall},
  pages = {262-311},
  date-added = {2010-09-04 17:22:54 -0400},
  date-modified = {2010-09-04 17:22:54 -0400}
}

@ARTICLE{Fitting:95,
  author = {Melvin Fitting},
  title = {Tableaus for Many-Valued Modal Logic},
  journal = {Studia Logica},
  year = {1995},
  volume = {55},
  pages = {63-87},
  bdsk-file-1 = {YnBsaXN0MDDUAQIDBAUIJidUJHRvcFgkb2JqZWN0c1gkdmVyc2lvblkkYXJjaGl2ZXLRBgdUcm9vdIABqAkKFRYXGyIjVSRudWxs0wsMDQ4RFFpOUy5vYmplY3RzV05TLmtleXNWJGNsYXNzog8QgASABqISE4ACgAOAB1lhbGlhc0RhdGFccmVsYXRpdmVQYXRo0hgNGRpXTlMuZGF0YU8RAbIAAAAAAbIAAgAACEtJTkdTVE9OAAAAAAAAAAAAAAAAAAAAAAAAAAAAAABCRAAB/////x9GaXR0aW5nOTUtVGFibGVhdXMjRkZGRkZGRkYucGRmAAAAAAAAAAAAAAAAAAAAAAAAAAAAAAAAAAAAAAAAAAD/////AAAAAAAAAAAAAAAAAAEAAwAACgJJUwAAAAAAAAAAAAAAAAAIYXJ0aWNsZXMAAgBJLzpWb2x1bWVzOktJTkdTVE9OOkRpc3M6YXJ0aWNsZXM6Rml0dGluZzk1LVRhYmxlYXVzRm9yTWFueVZhbHVlZE1vZGFsLnBkZgAADgBSACgARgBpAHQAdABpAG4AZwA5ADUALQBUAGEAYgBsAGUAYQB1AHMARgBvAHIATQBhAG4AeQBWAGEAbAB1AGUAZABNAG8AZABhAGwALgBwAGQAZgAPABIACABLAEkATgBHAFMAVABPAE4AEgA3L0Rpc3MvYXJ0aWNsZXMvRml0dGluZzk1LVRhYmxlYXVzRm9yTWFueVZhbHVlZE1vZGFsLnBkZgAAEwARL1ZvbHVtZXMvS0lOR1NUT04A//8AAIAF0hwdHh9YJGNsYXNzZXNaJGNsYXNzbmFtZaMfICFdTlNNdXRhYmxlRGF0YVZOU0RhdGFYTlNPYmplY3RfEDFhcnRpY2xlcy9GaXR0aW5nOTUtVGFibGVhdXNGb3JNYW55VmFsdWVkTW9kYWwucGRm0hwdJCWiJSFcTlNEaWN0aW9uYXJ5EgABhqBfEA9OU0tleWVkQXJjaGl2ZXIACAARABYAHwAoADIANQA6ADwARQBLAFIAXQBlAGwAbwBxAHMAdgB4AHoAfACGAJMAmACgAlYCWAJdAmYCcQJ1AoMCigKTAscCzALPAtwC4QAAAAAAAAIBAAAAAAAAACgAAAAAAAAAAAAAAAAAAALz},
  owner = {HP_Administrator},
  timestamp = {2009.01.26}
}

@BOOK{Goodman:1979,
  title = {Fact, {F}iction, and {F}orecast},
  publisher = {Harvard University Press},
  year = {1983},
  author = {Nelson Goodman},
  edition = {4},
  date-added = {2010-09-10 10:43:03 -0400},
  date-modified = {2010-09-10 10:44:44 -0400}
}

@ARTICLE{Gordon2002,
  author = {Gordon, Bruce L.},
  title = {Maxwell-{B}oltzmann Statistics and the Metaphysics of Modality},
  journal = {Synthese},
  year = {2002},
  volume = {133},
  pages = {pp. 393-417},
  bdsk-file-1 = {YnBsaXN0MDDUAQIDBAUIJidUJHRvcFgkb2JqZWN0c1gkdmVyc2lvblkkYXJjaGl2ZXLRBgdUcm9vdIABqAkKFRYXGyIjVSRudWxs0wsMDQ4RFFpOUy5vYmplY3RzV05TLmtleXNWJGNsYXNzog8QgASABqISE4ACgAOAB1lhbGlhc0RhdGFccmVsYXRpdmVQYXRo0hgNGRpXTlMuZGF0YU8RAcwAAAAAAcwAAgAACEtJTkdTVE9OAAAAAAAAAAAAAAAAAAAAAAAAAAAAAABCRAAB/////x9Hb3Jkb24tTWF4d2VsbEJvbHQjRkZGRkZGRkYucGRmAAAAAAAAAAAAAAAAAAAAAAAAAAAAAAAAAAAAAAAAAAD/////AAAAAAAAAAAAAAAAAAEABAAACgJJUwAAAAAAAAAAAAAAAAAVQXJtc3Ryb25nIE1ldGFwaHlzaWNzAAACAFcvOlZvbHVtZXM6S0lOR1NUT046RGlzczphcnRpY2xlczpBcm1zdHJvbmcgTWV0YXBoeXNpY3M6R29yZG9uLU1heHdlbGxCb2x0em1hbm5TdGF0cy5wZGYAAA4AQgAgAEcAbwByAGQAbwBuAC0ATQBhAHgAdwBlAGwAbABCAG8AbAB0AHoAbQBhAG4AbgBTAHQAYQB0AHMALgBwAGQAZgAPABIACABLAEkATgBHAFMAVABPAE4AEgBFL0Rpc3MvYXJ0aWNsZXMvQXJtc3Ryb25nIE1ldGFwaHlzaWNzL0dvcmRvbi1NYXh3ZWxsQm9sdHptYW5uU3RhdHMucGRmAAATABEvVm9sdW1lcy9LSU5HU1RPTgD//wAAgAXSHB0eH1gkY2xhc3Nlc1okY2xhc3NuYW1lox8gIV1OU011dGFibGVEYXRhVk5TRGF0YVhOU09iamVjdF8QP2FydGljbGVzL0FybXN0cm9uZyBNZXRhcGh5c2ljcy9Hb3Jkb24tTWF4d2VsbEJvbHR6bWFublN0YXRzLnBkZtIcHSQloiUhXE5TRGljdGlvbmFyeRIAAYagXxAPTlNLZXllZEFyY2hpdmVyAAgAEQAWAB8AKAAyADUAOgA8AEUASwBSAF0AZQBsAG8AcQBzAHYAeAB6AHwAhgCTAJgAoAJwAnICdwKAAosCjwKdAqQCrQLvAvQC9wMEAwkAAAAAAAACAQAAAAAAAAAoAAAAAAAAAAAAAAAAAAADGw==},
  date-modified = {2011-03-26 16:52:51 -0400}
}

@ARTICLE{Hiipakka:99,
  author = {Hiipakka, J. and Keinanen, M. and Korhonen, A.},
  title = {A Combinatorial Theory of Modality},
  journal = {Australasian Journal of Philosophy},
  year = {1999},
  volume = {77},
  pages = {483-497},
  bdsk-file-1 = {YnBsaXN0MDDUAQIDBAUIJidUJHRvcFgkb2JqZWN0c1gkdmVyc2lvblkkYXJjaGl2ZXLRBgdUcm9vdIABqAkKFRYXGyIjVSRudWxs0wsMDQ4RFFpOUy5vYmplY3RzV05TLmtleXNWJGNsYXNzog8QgASABqISE4ACgAOAB1lhbGlhc0RhdGFccmVsYXRpdmVQYXRo0hgNGRpXTlMuZGF0YU8RAboAAAAAAboAAgAACEtJTkdTVE9OAAAAAAAAAAAAAAAAAAAAAAAAAAAAAABCRAAB/////x9IaWlwYWtrYTk5LUNvbWJpbmEjRkZGRkZGRkYucGRmAAAAAAAAAAAAAAAAAAAAAAAAAAAAAAAAAAAAAAAAAAD/////AAAAAAAAAAAAAAAAAAEAAwAACgJJUwAAAAAAAAAAAAAAAAAIYXJ0aWNsZXMAAgBLLzpWb2x1bWVzOktJTkdTVE9OOkRpc3M6YXJ0aWNsZXM6SGlpcGFra2E5OS1Db21iaW5hdG9yaWFsVGhlb3J5TW9kYWxpdHkucGRmAAAOAFYAKgBIAGkAaQBwAGEAawBrAGEAOQA5AC0AQwBvAG0AYgBpAG4AYQB0AG8AcgBpAGEAbABUAGgAZQBvAHIAeQBNAG8AZABhAGwAaQB0AHkALgBwAGQAZgAPABIACABLAEkATgBHAFMAVABPAE4AEgA5L0Rpc3MvYXJ0aWNsZXMvSGlpcGFra2E5OS1Db21iaW5hdG9yaWFsVGhlb3J5TW9kYWxpdHkucGRmAAATABEvVm9sdW1lcy9LSU5HU1RPTgD//wAAgAXSHB0eH1gkY2xhc3Nlc1okY2xhc3NuYW1lox8gIV1OU011dGFibGVEYXRhVk5TRGF0YVhOU09iamVjdF8QM2FydGljbGVzL0hpaXBha2thOTktQ29tYmluYXRvcmlhbFRoZW9yeU1vZGFsaXR5LnBkZtIcHSQloiUhXE5TRGljdGlvbmFyeRIAAYagXxAPTlNLZXllZEFyY2hpdmVyAAgAEQAWAB8AKAAyADUAOgA8AEUASwBSAF0AZQBsAG8AcQBzAHYAeAB6AHwAhgCTAJgAoAJeAmACZQJuAnkCfQKLApICmwLRAtYC2QLmAusAAAAAAAACAQAAAAAAAAAoAAAAAAAAAAAAAAAAAAAC/Q==},
  owner = {HP_Administrator},
  timestamp = {2009.01.23}
}

@INCOLLECTION{Jackson:09,
  author = {Frank Jackson},
  title = {Possible Worlds and the Necessary A Posteriori},
  booktitle = {Modal Content and Modal Knowledge},
  publisher = {Oxford University Press},
  year = {2009},
  editor = {Bob Hale and Aviv Hoffman},
  pages = {257-266},
  date-added = {2010-11-19 16:29:57 -0500},
  date-modified = {2010-11-19 16:31:21 -0500},
  owner = {HP_Administrator},
  timestamp = {2011.03.20}
}

@ARTICLE{Kim:86,
  author = {Kim, J.},
  title = {Armstrong on Possible Worlds},
  journal = {Canadian Journal of Philosophy},
  year = {1986},
  volume = {16},
  pages = {595-612},
  owner = {HP_Administrator},
  timestamp = {2009.01.23}
}

@BOOK{Kleene1952,
  title = {Introduction to {M}etamathematics},
  publisher = {Groningen, New York},
  year = {1952},
  author = {Stephen Kleene},
  owner = {HP_Administrator},
  timestamp = {2011.03.12}
}

@ARTICLE{Kleene1938,
  author = {Stephen Kleene},
  title = {On a Notation for Ordinal Numbers},
  journal = {Journal of Symbolic Logic},
  year = {1938},
  volume = {3},
  pages = {150-155},
  owner = {HP_Administrator},
  timestamp = {2011.03.12}
}

@BOOK{Kripke:80,
  title = {Naming and {N}ecessity},
  publisher = {Blackwell},
  year = {1980},
  author = {Saul Kripke},
  date-added = {2010-11-19 14:08:31 -0500},
  date-modified = {2010-11-19 14:09:10 -0500},
  owner = {HP_Administrator},
  timestamp = {2011.03.20}
}

@ARTICLE{LePoidevin:05,
  author = {Le Poidevin, R.},
  title = {Missing Elements and Missing Premises: A Combinatorial Argument for
	the Ontological Reduction of Chemistry},
  journal = {British Journal for the Philosophy of Science},
  year = {2005},
  volume = {56},
  pages = {117-134},
  bdsk-file-1 = {YnBsaXN0MDDUAQIDBAUIJidUJHRvcFgkb2JqZWN0c1gkdmVyc2lvblkkYXJjaGl2ZXLRBgdUcm9vdIABqAkKFRYXGyIjVSRudWxs0wsMDQ4RFFpOUy5vYmplY3RzV05TLmtleXNWJGNsYXNzog8QgASABqISE4ACgAOAB1lhbGlhc0RhdGFccmVsYXRpdmVQYXRo0hgNGRpXTlMuZGF0YU8RAawAAAAAAawAAgAACEtJTkdTVE9OAAAAAAAAAAAAAAAAAAAAAAAAAAAAAABCRAAB/////x9MZVBvaWRldmluMDUtQ29tYlIjRkZGRkZGRkYucGRmAAAAAAAAAAAAAAAAAAAAAAAAAAAAAAAAAAAAAAAAAAD/////AAAAAAAAAAAAAAAAAAEAAwAACgJJUwAAAAAAAAAAAAAAAAAIYXJ0aWNsZXMAAgBILzpWb2x1bWVzOktJTkdTVE9OOkRpc3M6YXJ0aWNsZXM6TGVQb2lkZXZpbjA1LUNvbWJSZWR1Y3Rpb25DaGVtaXN0cnkucGRmAA4AUAAnAEwAZQBQAG8AaQBkAGUAdgBpAG4AMAA1AC0AQwBvAG0AYgBSAGUAZAB1AGMAdABpAG8AbgBDAGgAZQBtAGkAcwB0AHIAeQAuAHAAZABmAA8AEgAIAEsASQBOAEcAUwBUAE8ATgASADYvRGlzcy9hcnRpY2xlcy9MZVBvaWRldmluMDUtQ29tYlJlZHVjdGlvbkNoZW1pc3RyeS5wZGYAEwARL1ZvbHVtZXMvS0lOR1NUT04A//8AAIAF0hwdHh9YJGNsYXNzZXNaJGNsYXNzbmFtZaMfICFdTlNNdXRhYmxlRGF0YVZOU0RhdGFYTlNPYmplY3RfEDBhcnRpY2xlcy9MZVBvaWRldmluMDUtQ29tYlJlZHVjdGlvbkNoZW1pc3RyeS5wZGbSHB0kJaIlIVxOU0RpY3Rpb25hcnkSAAGGoF8QD05TS2V5ZWRBcmNoaXZlcgAIABEAFgAfACgAMgA1ADoAPABFAEsAUgBdAGUAbABvAHEAcwB2AHgAegB8AIYAkwCYAKACUAJSAlcCYAJrAm8CfQKEAo0CwALFAsgC1QLaAAAAAAAAAgEAAAAAAAAAKAAAAAAAAAAAAAAAAAAAAuw=},
  owner = {HP_Administrator},
  timestamp = {2009.01.23}
}

@PHDTHESIS{Leonard1930,
  author = {Henry S. Leonard},
  title = {Singular Terms},
  school = {Harvard},
  year = {1930},
  timestamp = {2011.04.20}
}

@ARTICLE{Lewis:92,
  author = {David Lewis},
  title = {Critical Notice of D. M. Armstrong, A Combinatorial Theory of Possibility},
  journal = {Australasian Journal of Philosophy},
  year = {1992},
  volume = {70},
  pages = {211-224},
  bdsk-file-1 = {YnBsaXN0MDDUAQIDBAUIJidUJHRvcFgkb2JqZWN0c1gkdmVyc2lvblkkYXJjaGl2ZXLRBgdUcm9vdIABqAkKFRYXGyIjVSRudWxs0wsMDQ4RFFpOUy5vYmplY3RzV05TLmtleXNWJGNsYXNzog8QgASABqISE4ACgAOAB1lhbGlhc0RhdGFccmVsYXRpdmVQYXRo0hgNGRpXTlMuZGF0YU8RAaoAAAAAAaoAAgAACEtJTkdTVE9OAAAAAAAAAAAAAAAAAAAAAAAAAAAAAABCRAAB/////x9MZXdpczkyLUNyaXRpY2FsTm8jRkZGRkZGRkYucGRmAAAAAAAAAAAAAAAAAAAAAAAAAAAAAAAAAAAAAAAAAAD/////AAAAAAAAAAAAAAAAAAEAAwAACgJJUwAAAAAAAAAAAAAAAAAIYXJ0aWNsZXMAAgBHLzpWb2x1bWVzOktJTkdTVE9OOkRpc3M6YXJ0aWNsZXM6TGV3aXM5Mi1Dcml0aWNhbE5vdGljZUFybXN0cm9uZ0NUUC5wZGYAAA4ATgAmAEwAZQB3AGkAcwA5ADIALQBDAHIAaQB0AGkAYwBhAGwATgBvAHQAaQBjAGUAQQByAG0AcwB0AHIAbwBuAGcAQwBUAFAALgBwAGQAZgAPABIACABLAEkATgBHAFMAVABPAE4AEgA1L0Rpc3MvYXJ0aWNsZXMvTGV3aXM5Mi1Dcml0aWNhbE5vdGljZUFybXN0cm9uZ0NUUC5wZGYAABMAES9Wb2x1bWVzL0tJTkdTVE9OAP//AACABdIcHR4fWCRjbGFzc2VzWiRjbGFzc25hbWWjHyAhXU5TTXV0YWJsZURhdGFWTlNEYXRhWE5TT2JqZWN0XxAvYXJ0aWNsZXMvTGV3aXM5Mi1Dcml0aWNhbE5vdGljZUFybXN0cm9uZ0NUUC5wZGbSHB0kJaIlIVxOU0RpY3Rpb25hcnkSAAGGoF8QD05TS2V5ZWRBcmNoaXZlcgAIABEAFgAfACgAMgA1ADoAPABFAEsAUgBdAGUAbABvAHEAcwB2AHgAegB8AIYAkwCYAKACTgJQAlUCXgJpAm0CewKCAosCvQLCAsUC0gLXAAAAAAAAAgEAAAAAAAAAKAAAAAAAAAAAAAAAAAAAAuk=},
  owner = {HP_Administrator},
  timestamp = {2009.01.23}
}

@BOOK{Lewis1973,
  title = {Counterfactuals},
  publisher = {Blackwell},
  year = {1973},
  author = {David Lewis},
  address = {Oxford},
  owner = {HP_Administrator},
  timestamp = {2011.03.21}
}

@ARTICLE{Lombardo:02,
  author = {Lombardo, E. S. G.},
  title = {Analogical versus Discrete Theories of Possibility},
  journal = {Australasian Journal of Philosophy},
  year = {2002},
  volume = {80},
  pages = {207-320},
  bdsk-file-1 = {YnBsaXN0MDDUAQIDBAUIJidUJHRvcFgkb2JqZWN0c1gkdmVyc2lvblkkYXJjaGl2ZXLRBgdUcm9vdIABqAkKFRYXGyIjVSRudWxs0wsMDQ4RFFpOUy5vYmplY3RzV05TLmtleXNWJGNsYXNzog8QgASABqISE4ACgAOAB1lhbGlhc0RhdGFccmVsYXRpdmVQYXRo0hgNGRpXTlMuZGF0YU8RAaQAAAAAAaQAAgAACEtJTkdTVE9OAAAAAAAAAAAAAAAAAAAAAAAAAAAAAABCRAAB/////x9Mb21iYXJkbzAyLUFuYWxvZ2kjRkZGRkZGRkYucGRmAAAAAAAAAAAAAAAAAAAAAAAAAAAAAAAAAAAAAAAAAAD/////AAAAAAAAAAAAAAAAAAEAAwAACgJJUwAAAAAAAAAAAAAAAAAIYXJ0aWNsZXMAAgBGLzpWb2x1bWVzOktJTkdTVE9OOkRpc3M6YXJ0aWNsZXM6TG9tYmFyZG8wMi1BbmFsb2dpY2FsRGlzY3JldGVQb3NzLnBkZgAOAEwAJQBMAG8AbQBiAGEAcgBkAG8AMAAyAC0AQQBuAGEAbABvAGcAaQBjAGEAbABEAGkAcwBjAHIAZQB0AGUAUABvAHMAcwAuAHAAZABmAA8AEgAIAEsASQBOAEcAUwBUAE8ATgASADQvRGlzcy9hcnRpY2xlcy9Mb21iYXJkbzAyLUFuYWxvZ2ljYWxEaXNjcmV0ZVBvc3MucGRmABMAES9Wb2x1bWVzL0tJTkdTVE9OAP//AACABdIcHR4fWCRjbGFzc2VzWiRjbGFzc25hbWWjHyAhXU5TTXV0YWJsZURhdGFWTlNEYXRhWE5TT2JqZWN0XxAuYXJ0aWNsZXMvTG9tYmFyZG8wMi1BbmFsb2dpY2FsRGlzY3JldGVQb3NzLnBkZtIcHSQloiUhXE5TRGljdGlvbmFyeRIAAYagXxAPTlNLZXllZEFyY2hpdmVyAAgAEQAWAB8AKAAyADUAOgA8AEUASwBSAF0AZQBsAG8AcQBzAHYAeAB6AHwAhgCTAJgAoAJIAkoCTwJYAmMCZwJ1AnwChQK2ArsCvgLLAtAAAAAAAAACAQAAAAAAAAAoAAAAAAAAAAAAAAAAAAAC4g==},
  owner = {HP_Administrator},
  timestamp = {2009.01.23}
}

@BOOK{McGee:1994,
  title = {Truth, {V}agueness and {P}aradox},
  publisher = {Hackett, Indianapolis},
  year = {1994},
  author = {Vann McGee},
  date-added = {2010-09-04 17:22:54 -0400},
  date-modified = {2010-09-04 17:22:54 -0400}
}

@BOOK{mcginn:2004,
  title = {Consciousness and {I}ts {O}bjects},
  publisher = {Oxford University Press},
  year = {2004},
  author = {Colin Mc{G}inn},
  date-added = {2010-09-10 10:25:49 -0400},
  date-modified = {2010-09-10 10:26:56 -0400}
}

@ARTICLE{Molnar:2000,
  author = {George Molnar},
  title = {Truthmakers for negative truths},
  journal = {Australasian Journal of Philosophy},
  year = {2000},
  volume = {78},
  pages = {72-86},
  bdsk-file-1 = {YnBsaXN0MDDUAQIDBAUIJidUJHRvcFgkb2JqZWN0c1gkdmVyc2lvblkkYXJjaGl2ZXLRBgdUcm9vdIABqAkKFRYXGyIjVSRudWxs0wsMDQ4RFFpOUy5vYmplY3RzV05TLmtleXNWJGNsYXNzog8QgASABqISE4ACgAOAB1lhbGlhc0RhdGFccmVsYXRpdmVQYXRo0hgNGRpXTlMuZGF0YU8RAeYAAAAAAeYAAgAACEtJTkdTVE9OAAAAAAAAAAAAAAAAAAAAAAAAAAAAAABCRAAB/////x9Nb2xuYXItVHJ1dGhtYWtlcnMjRkZGRkZGRkYucGRmAAAAAAAAAAAAAAAAAAAAAAAAAAAAAAAAAAAAAAAAAAD/////AAAAAAAAAAAAAAAAAAEABAAACgJJUwAAAAAAAAAAAAAAAAAVQXJtc3Ryb25nIE1ldGFwaHlzaWNzAAACAF4vOlZvbHVtZXM6S0lOR1NUT046RGlzczphcnRpY2xlczpBcm1zdHJvbmcgTWV0YXBoeXNpY3M6TW9sbmFyLVRydXRobWFrZXJzRm9yTmVnYXRpdmVUcnV0aHMucGRmAA4AUAAnAE0AbwBsAG4AYQByAC0AVAByAHUAdABoAG0AYQBrAGUAcgBzAEYAbwByAE4AZQBnAGEAdABpAHYAZQBUAHIAdQB0AGgAcwAuAHAAZABmAA8AEgAIAEsASQBOAEcAUwBUAE8ATgASAEwvRGlzcy9hcnRpY2xlcy9Bcm1zdHJvbmcgTWV0YXBoeXNpY3MvTW9sbmFyLVRydXRobWFrZXJzRm9yTmVnYXRpdmVUcnV0aHMucGRmABMAES9Wb2x1bWVzL0tJTkdTVE9OAP//AACABdIcHR4fWCRjbGFzc2VzWiRjbGFzc25hbWWjHyAhXU5TTXV0YWJsZURhdGFWTlNEYXRhWE5TT2JqZWN0XxBGYXJ0aWNsZXMvQXJtc3Ryb25nIE1ldGFwaHlzaWNzL01vbG5hci1UcnV0aG1ha2Vyc0Zvck5lZ2F0aXZlVHJ1dGhzLnBkZtIcHSQloiUhXE5TRGljdGlvbmFyeRIAAYagXxAPTlNLZXllZEFyY2hpdmVyAAgAEQAWAB8AKAAyADUAOgA8AEUASwBSAF0AZQBsAG8AcQBzAHYAeAB6AHwAhgCTAJgAoAKKAowCkQKaAqUCqQK3Ar4CxwMQAxUDGAMlAyoAAAAAAAACAQAAAAAAAAAoAAAAAAAAAAAAAAAAAAADPA==},
  owner = {HP_Administrator},
  timestamp = {2011.03.23}
}

@INCOLLECTION{Moore:1957,
  author = {G. E. Moore},
  title = {Visual sense-data},
  booktitle = {British philosophy in mid-century},
  publisher = {George Allen \& Unwin Ltd., London},
  year = {1957},
  editor = {C. A. Mace},
  date-added = {2010-09-04 17:22:54 -0400},
  date-modified = {2010-09-04 17:22:54 -0400}
}

@INCOLLECTION{Moore:1953,
  author = {G. E. Moore},
  title = {Sense data},
  booktitle = {Some main problems of philosophy},
  publisher = {George Allen \& Unwin Ltd., London},
  year = {1953},
  chapter = {II},
  pages = {28-40},
  date-added = {2010-09-04 17:22:54 -0400},
  date-modified = {2010-09-04 17:22:54 -0400}
}

@ARTICLE{Moore:1918,
  author = {G. E. Moore},
  title = {Some judgments of perception},
  journal = {Proceedings of the Aristotelean Society},
  year = {1918},
  volume = {19},
  pages = {1-28},
  date-added = {2010-09-04 17:22:54 -0400},
  date-modified = {2010-09-10 10:33:57 -0400}
}

@ARTICLE{Mumford2007,
  author = {Stephen Mumford},
  title = {Negative Truth and Falsehood},
  journal = {Proceedings of the Aristotelean Society},
  year = {2007},
  volume = {107},
  pages = {45-71},
  bdsk-file-1 = {YnBsaXN0MDDUAQIDBAUIJidUJHRvcFgkb2JqZWN0c1gkdmVyc2lvblkkYXJjaGl2ZXLRBgdUcm9vdIABqAkKFRYXGyIjVSRudWxs0wsMDQ4RFFpOUy5vYmplY3RzV05TLmtleXNWJGNsYXNzog8QgASABqISE4ACgAOAB1lhbGlhc0RhdGFccmVsYXRpdmVQYXRo0hgNGRpXTlMuZGF0YU8RAd4AAAAAAd4AAgAACEtJTkdTVE9OAAAAAAAAAAAAAAAAAAAAAAAAAAAAAABCRAAB/////x9NdW1mb3JkLU5lZ2F0aXZlVHIjRkZGRkZGRkYucGRmAAAAAAAAAAAAAAAAAAAAAAAAAAAAAAAAAAAAAAAAAAD/////AAAAAAAAAAAAAAAAAAEABAAACgJJUwAAAAAAAAAAAAAAAAAVQXJtc3Ryb25nIE1ldGFwaHlzaWNzAAACAFwvOlZvbHVtZXM6S0lOR1NUT046RGlzczphcnRpY2xlczpBcm1zdHJvbmcgTWV0YXBoeXNpY3M6TXVtZm9yZC1OZWdhdGl2ZVRydXRoQW5kRmFsc2Vob29kLnBkZgAOAEwAJQBNAHUAbQBmAG8AcgBkAC0ATgBlAGcAYQB0AGkAdgBlAFQAcgB1AHQAaABBAG4AZABGAGEAbABzAGUAaABvAG8AZAAuAHAAZABmAA8AEgAIAEsASQBOAEcAUwBUAE8ATgASAEovRGlzcy9hcnRpY2xlcy9Bcm1zdHJvbmcgTWV0YXBoeXNpY3MvTXVtZm9yZC1OZWdhdGl2ZVRydXRoQW5kRmFsc2Vob29kLnBkZgATABEvVm9sdW1lcy9LSU5HU1RPTgD//wAAgAXSHB0eH1gkY2xhc3Nlc1okY2xhc3NuYW1lox8gIV1OU011dGFibGVEYXRhVk5TRGF0YVhOU09iamVjdF8QRGFydGljbGVzL0FybXN0cm9uZyBNZXRhcGh5c2ljcy9NdW1mb3JkLU5lZ2F0aXZlVHJ1dGhBbmRGYWxzZWhvb2QucGRm0hwdJCWiJSFcTlNEaWN0aW9uYXJ5EgABhqBfEA9OU0tleWVkQXJjaGl2ZXIACAARABYAHwAoADIANQA6ADwARQBLAFIAXQBlAGwAbwBxAHMAdgB4AHoAfACGAJMAmACgAoIChAKJApICnQKhAq8CtgK/AwYDCwMOAxsDIAAAAAAAAAIBAAAAAAAAACgAAAAAAAAAAAAAAAAAAAMy},
  date-added = {2011-03-26 17:05:58 -0400},
  date-modified = {2011-03-26 17:06:47 -0400}
}

@ARTICLE{Mumford:2005,
  author = {Stephen Mumford},
  title = {The true and the false},
  journal = {Australasian Journal of Philosophy},
  year = {2005},
  volume = {83},
  pages = {263-269},
  bdsk-file-1 = {YnBsaXN0MDDUAQIDBAUIJidUJHRvcFgkb2JqZWN0c1gkdmVyc2lvblkkYXJjaGl2ZXLRBgdUcm9vdIABqAkKFRYXGyIjVSRudWxs0wsMDQ4RFFpOUy5vYmplY3RzV05TLmtleXNWJGNsYXNzog8QgASABqISE4ACgAOAB1lhbGlhc0RhdGFccmVsYXRpdmVQYXRo0hgNGRpXTlMuZGF0YU8RAcQAAAAAAcQAAgAACEtJTkdTVE9OAAAAAAAAAAAAAAAAAAAAAAAAAAAAAABCRAAB/////x5NdW1mb3JkLVRoZVRydWVBbmRUaGVGYWxzZS5wZGYAAAAAAAAAAAAAAAAAAAAAAAAAAAAAAAAAAAAAAAAAAAD/////AAAAAAAAAAAAAAAAAAEABAAACgJJUwAAAAAAAAAAAAAAAAAVQXJtc3Ryb25nIE1ldGFwaHlzaWNzAAACAFUvOlZvbHVtZXM6S0lOR1NUT046RGlzczphcnRpY2xlczpBcm1zdHJvbmcgTWV0YXBoeXNpY3M6TXVtZm9yZC1UaGVUcnVlQW5kVGhlRmFsc2UucGRmAAAOAD4AHgBNAHUAbQBmAG8AcgBkAC0AVABoAGUAVAByAHUAZQBBAG4AZABUAGgAZQBGAGEAbABzAGUALgBwAGQAZgAPABIACABLAEkATgBHAFMAVABPAE4AEgBDL0Rpc3MvYXJ0aWNsZXMvQXJtc3Ryb25nIE1ldGFwaHlzaWNzL011bWZvcmQtVGhlVHJ1ZUFuZFRoZUZhbHNlLnBkZgAAEwARL1ZvbHVtZXMvS0lOR1NUT04A//8AAIAF0hwdHh9YJGNsYXNzZXNaJGNsYXNzbmFtZaMfICFdTlNNdXRhYmxlRGF0YVZOU0RhdGFYTlNPYmplY3RfED1hcnRpY2xlcy9Bcm1zdHJvbmcgTWV0YXBoeXNpY3MvTXVtZm9yZC1UaGVUcnVlQW5kVGhlRmFsc2UucGRm0hwdJCWiJSFcTlNEaWN0aW9uYXJ5EgABhqBfEA9OU0tleWVkQXJjaGl2ZXIACAARABYAHwAoADIANQA6ADwARQBLAFIAXQBlAGwAbwBxAHMAdgB4AHoAfACGAJMAmACgAmgCagJvAngCgwKHApUCnAKlAuUC6gLtAvoC/wAAAAAAAAIBAAAAAAAAACgAAAAAAAAAAAAAAAAAAAMR},
  date-added = {2011-03-25 18:55:31 -0400},
  date-modified = {2011-03-25 18:56:30 -0400}
}

@ARTICLE{Pages:2009,
  author = {Joan Pag\`es},
  title = {Truthmakers for Negatives},
  journal = {Theoria},
  year = {2009},
  volume = {24},
  pages = {49-61},
  bdsk-file-1 = {YnBsaXN0MDDUAQIDBAUIJidUJHRvcFgkb2JqZWN0c1gkdmVyc2lvblkkYXJjaGl2ZXLRBgdUcm9vdIABqAkKFRYXGyIjVSRudWxs0wsMDQ4RFFpOUy5vYmplY3RzV05TLmtleXNWJGNsYXNzog8QgASABqISE4ACgAOAB1lhbGlhc0RhdGFccmVsYXRpdmVQYXRo0hgNGRpXTlMuZGF0YU8RAc4AAAAAAc4AAgAACEtJTkdTVE9OAAAAAAAAAAAAAAAAAAAAAAAAAAAAAABCRAAB/////x9QYWdlcy1UcnV0aG1ha2Vyc0YjRkZGRkZGRkYucGRmAAAAAAAAAAAAAAAAAAAAAAAAAAAAAAAAAAAAAAAAAAD/////AAAAAAAAAAAAAAAAAAEABAAACgJJUwAAAAAAAAAAAAAAAAAVQXJtc3Ryb25nIE1ldGFwaHlzaWNzAAACAFgvOlZvbHVtZXM6S0lOR1NUT046RGlzczphcnRpY2xlczpBcm1zdHJvbmcgTWV0YXBoeXNpY3M6UGFnZXMtVHJ1dGhtYWtlcnNGb3JOZWdhdGl2ZXMucGRmAA4ARAAhAFAAYQBnAGUAcwAtAFQAcgB1AHQAaABtAGEAawBlAHIAcwBGAG8AcgBOAGUAZwBhAHQAaQB2AGUAcwAuAHAAZABmAA8AEgAIAEsASQBOAEcAUwBUAE8ATgASAEYvRGlzcy9hcnRpY2xlcy9Bcm1zdHJvbmcgTWV0YXBoeXNpY3MvUGFnZXMtVHJ1dGhtYWtlcnNGb3JOZWdhdGl2ZXMucGRmABMAES9Wb2x1bWVzL0tJTkdTVE9OAP//AACABdIcHR4fWCRjbGFzc2VzWiRjbGFzc25hbWWjHyAhXU5TTXV0YWJsZURhdGFWTlNEYXRhWE5TT2JqZWN0XxBAYXJ0aWNsZXMvQXJtc3Ryb25nIE1ldGFwaHlzaWNzL1BhZ2VzLVRydXRobWFrZXJzRm9yTmVnYXRpdmVzLnBkZtIcHSQloiUhXE5TRGljdGlvbmFyeRIAAYagXxAPTlNLZXllZEFyY2hpdmVyAAgAEQAWAB8AKAAyADUAOgA8AEUASwBSAF0AZQBsAG8AcQBzAHYAeAB6AHwAhgCTAJgAoAJyAnQCeQKCAo0CkQKfAqYCrwLyAvcC+gMHAwwAAAAAAAACAQAAAAAAAAAoAAAAAAAAAAAAAAAAAAADHg==},
  date-modified = {2011-03-26 20:12:42 -0400},
  owner = {HP_Administrator},
  timestamp = {2011.03.23}
}

@ARTICLE{Parsons:2006,
  author = {J. Parsons},
  title = {Negative truths from positive facts?},
  journal = {Australasian Journal of Philosophy},
  year = {2006},
  volume = {84},
  pages = {590-602},
  bdsk-file-1 = {YnBsaXN0MDDUAQIDBAUIJidUJHRvcFgkb2JqZWN0c1gkdmVyc2lvblkkYXJjaGl2ZXLRBgdUcm9vdIABqAkKFRYXGyIjVSRudWxs0wsMDQ4RFFpOUy5vYmplY3RzV05TLmtleXNWJGNsYXNzog8QgASABqISE4ACgAOAB1lhbGlhc0RhdGFccmVsYXRpdmVQYXRo0hgNGRpXTlMuZGF0YU8RAfQAAAAAAfQAAgAACEtJTkdTVE9OAAAAAAAAAAAAAAAAAAAAAAAAAAAAAABCRAAB/////x9QYXJvbnMtTmVnYXRpdmVUcnUjRkZGRkZGRkYucGRmAAAAAAAAAAAAAAAAAAAAAAAAAAAAAAAAAAAAAAAAAAD/////AAAAAAAAAAAAAAAAAAEABAAACgJJUwAAAAAAAAAAAAAAAAAVQXJtc3Ryb25nIE1ldGFwaHlzaWNzAAACAGEvOlZvbHVtZXM6S0lOR1NUT046RGlzczphcnRpY2xlczpBcm1zdHJvbmcgTWV0YXBoeXNpY3M6UGFyb25zLU5lZ2F0aXZlVHJ1dGhzRnJvbVBvc2l0aXZlRmFjdHMucGRmAAAOAFYAKgBQAGEAcgBvAG4AcwAtAE4AZQBnAGEAdABpAHYAZQBUAHIAdQB0AGgAcwBGAHIAbwBtAFAAbwBzAGkAdABpAHYAZQBGAGEAYwB0AHMALgBwAGQAZgAPABIACABLAEkATgBHAFMAVABPAE4AEgBPL0Rpc3MvYXJ0aWNsZXMvQXJtc3Ryb25nIE1ldGFwaHlzaWNzL1Bhcm9ucy1OZWdhdGl2ZVRydXRoc0Zyb21Qb3NpdGl2ZUZhY3RzLnBkZgAAEwARL1ZvbHVtZXMvS0lOR1NUT04A//8AAIAF0hwdHh9YJGNsYXNzZXNaJGNsYXNzbmFtZaMfICFdTlNNdXRhYmxlRGF0YVZOU0RhdGFYTlNPYmplY3RfEElhcnRpY2xlcy9Bcm1zdHJvbmcgTWV0YXBoeXNpY3MvUGFyb25zLU5lZ2F0aXZlVHJ1dGhzRnJvbVBvc2l0aXZlRmFjdHMucGRm0hwdJCWiJSFcTlNEaWN0aW9uYXJ5EgABhqBfEA9OU0tleWVkQXJjaGl2ZXIACAARABYAHwAoADIANQA6ADwARQBLAFIAXQBlAGwAbwBxAHMAdgB4AHoAfACGAJMAmACgApgCmgKfAqgCswK3AsUCzALVAyEDJgMpAzYDOwAAAAAAAAIBAAAAAAAAACgAAAAAAAAAAAAAAAAAAANN},
  date-added = {2011-03-25 19:09:43 -0400},
  date-modified = {2011-03-25 19:10:46 -0400}
}

@ARTICLE{Plotnitsky:1999,
  author = {Arkady Plotnitsky},
  title = {Techno-Atoms: The ``Ultimate Constituents of Matter'' and the Technological
	Constitution of Phenomena in Quantum Physics},
  journal = {Tekhnema},
  year = {1999},
  volume = {5},
  pages = {1-20},
  bdsk-file-1 = {YnBsaXN0MDDUAQIDBAUIJidUJHRvcFgkb2JqZWN0c1gkdmVyc2lvblkkYXJjaGl2ZXLRBgdUcm9vdIABqAkKFRYXGyIjVSRudWxs0wsMDQ4RFFpOUy5vYmplY3RzV05TLmtleXNWJGNsYXNzog8QgASABqISE4ACgAOAB1lhbGlhc0RhdGFccmVsYXRpdmVQYXRo0hgNGRpXTlMuZGF0YU8RAXoAAAAAAXoAAgAACEtJTkdTVE9OAAAAAAAAAAAAAAAAAAAAAAAAAAAAAABCRAAB/////xpQbG90bml0c2t5LVRlY2hub0F0b21zLnBkZgAAAAAAAAAAAAAAAAAAAAAAAAAAAAAAAAAAAAAAAAAAAAAAAAD/////AAAAAAAAAAAAAAAAAAEAAwAACgJJUwAAAAAAAAAAAAAAAAAIYXJ0aWNsZXMAAgA7LzpWb2x1bWVzOktJTkdTVE9OOkRpc3M6YXJ0aWNsZXM6UGxvdG5pdHNreS1UZWNobm9BdG9tcy5wZGYAAA4ANgAaAFAAbABvAHQAbgBpAHQAcwBrAHkALQBUAGUAYwBoAG4AbwBBAHQAbwBtAHMALgBwAGQAZgAPABIACABLAEkATgBHAFMAVABPAE4AEgApL0Rpc3MvYXJ0aWNsZXMvUGxvdG5pdHNreS1UZWNobm9BdG9tcy5wZGYAABMAES9Wb2x1bWVzL0tJTkdTVE9OAP//AACABdIcHR4fWCRjbGFzc2VzWiRjbGFzc25hbWWjHyAhXU5TTXV0YWJsZURhdGFWTlNEYXRhWE5TT2JqZWN0XxAjYXJ0aWNsZXMvUGxvdG5pdHNreS1UZWNobm9BdG9tcy5wZGbSHB0kJaIlIVxOU0RpY3Rpb25hcnkSAAGGoF8QD05TS2V5ZWRBcmNoaXZlcgAIABEAFgAfACgAMgA1ADoAPABFAEsAUgBdAGUAbABvAHEAcwB2AHgAegB8AIYAkwCYAKACHgIgAiUCLgI5Aj0CSwJSAlsCgQKGAokClgKbAAAAAAAAAgEAAAAAAAAAKAAAAAAAAAAAAAAAAAAAAq0=},
  date-added = {2010-09-10 11:05:19 -0400},
  date-modified = {2010-09-10 11:10:44 -0400}
}

@ARTICLE{Post1921,
  author = {Emil Post},
  title = {Introduction to a General Theory of Elementary Propositions},
  journal = {American Journal of Mathematics},
  year = {1921},
  volume = {43},
  pages = {163-185},
  bdsk-file-1 = {YnBsaXN0MDDUAQIDBAUIJidUJHRvcFgkb2JqZWN0c1gkdmVyc2lvblkkYXJjaGl2ZXLRBgdUcm9vdIABqAkKFRYXGyIjVSRudWxs0wsMDQ4RFFpOUy5vYmplY3RzV05TLmtleXNWJGNsYXNzog8QgASABqISE4ACgAOAB1lhbGlhc0RhdGFccmVsYXRpdmVQYXRo0hgNGRpXTlMuZGF0YU8RAaoAAAAAAaoAAgAACEtJTkdTVE9OAAAAAAAAAAAAAAAAAAAAAAAAAAAAAABCRAAB/////x9Qb3N0LUdlbmVyYWxUaGVvcnkjRkZGRkZGRkYucGRmAAAAAAAAAAAAAAAAAAAAAAAAAAAAAAAAAAAAAAAAAAD/////AAAAAAAAAAAAAAAAAAEAAwAACgJJUwAAAAAAAAAAAAAAAAAIYXJ0aWNsZXMAAgBHLzpWb2x1bWVzOktJTkdTVE9OOkRpc3M6YXJ0aWNsZXM6UG9zdC1HZW5lcmFsVGhlb3J5b2ZFbGVtZW50YXJ5UHJvcC5wZGYAAA4ATgAmAFAAbwBzAHQALQBHAGUAbgBlAHIAYQBsAFQAaABlAG8AcgB5AG8AZgBFAGwAZQBtAGUAbgB0AGEAcgB5AFAAcgBvAHAALgBwAGQAZgAPABIACABLAEkATgBHAFMAVABPAE4AEgA1L0Rpc3MvYXJ0aWNsZXMvUG9zdC1HZW5lcmFsVGhlb3J5b2ZFbGVtZW50YXJ5UHJvcC5wZGYAABMAES9Wb2x1bWVzL0tJTkdTVE9OAP//AACABdIcHR4fWCRjbGFzc2VzWiRjbGFzc25hbWWjHyAhXU5TTXV0YWJsZURhdGFWTlNEYXRhWE5TT2JqZWN0XxAvYXJ0aWNsZXMvUG9zdC1HZW5lcmFsVGhlb3J5b2ZFbGVtZW50YXJ5UHJvcC5wZGbSHB0kJaIlIVxOU0RpY3Rpb25hcnkSAAGGoF8QD05TS2V5ZWRBcmNoaXZlcgAIABEAFgAfACgAMgA1ADoAPABFAEsAUgBdAGUAbABvAHEAcwB2AHgAegB8AIYAkwCYAKACTgJQAlUCXgJpAm0CewKCAosCvQLCAsUC0gLXAAAAAAAAAgEAAAAAAAAAKAAAAAAAAAAAAAAAAAAAAuk=},
  date-added = {2011-03-12 16:48:02 -0500},
  date-modified = {2011-03-12 16:49:46 -0500}
}

@BOOK{Priest:2008,
  title = {An {I}ntroduction to {N}on-{C}lassical {L}ogic},
  publisher = {Cambridge University Press},
  year = {2008},
  author = {Graham Priest},
  owner = {HP_Administrator},
  timestamp = {2009.01.25}
}

@ARTICLE{Priest:2000,
  author = {Graham Priest},
  title = {Truth and Contradiction},
  journal = {The Philosophical Quarterly},
  year = {2000},
  volume = {50},
  pages = {305-319},
  bdsk-file-1 = {YnBsaXN0MDDUAQIDBAUIJidUJHRvcFgkb2JqZWN0c1gkdmVyc2lvblkkYXJjaGl2ZXLRBgdUcm9vdIABqAkKFRYXGyIjVSRudWxs0wsMDQ4RFFpOUy5vYmplY3RzV05TLmtleXNWJGNsYXNzog8QgASABqISE4ACgAOAB1lhbGlhc0RhdGFccmVsYXRpdmVQYXRo0hgNGRpXTlMuZGF0YU8RAZIAAAAAAZIAAgAACEtJTkdTVE9OAAAAAAAAAAAAAAAAAAAAAAAAAAAAAABCRAAB/////x9Qcmllc3QtVHJ1dGhBbmRDb24jRkZGRkZGRkYucGRmAAAAAAAAAAAAAAAAAAAAAAAAAAAAAAAAAAAAAAAAAAD/////AAAAAAAAAAAAAAAAAAEAAwAACgJJUwAAAAAAAAAAAAAAAAAIYXJ0aWNsZXMAAgBBLzpWb2x1bWVzOktJTkdTVE9OOkRpc3M6YXJ0aWNsZXM6UHJpZXN0LVRydXRoQW5kQ29udHJhZGljdGlvbi5wZGYAAA4AQgAgAFAAcgBpAGUAcwB0AC0AVAByAHUAdABoAEEAbgBkAEMAbwBuAHQAcgBhAGQAaQBjAHQAaQBvAG4ALgBwAGQAZgAPABIACABLAEkATgBHAFMAVABPAE4AEgAvL0Rpc3MvYXJ0aWNsZXMvUHJpZXN0LVRydXRoQW5kQ29udHJhZGljdGlvbi5wZGYAABMAES9Wb2x1bWVzL0tJTkdTVE9OAP//AACABdIcHR4fWCRjbGFzc2VzWiRjbGFzc25hbWWjHyAhXU5TTXV0YWJsZURhdGFWTlNEYXRhWE5TT2JqZWN0XxApYXJ0aWNsZXMvUHJpZXN0LVRydXRoQW5kQ29udHJhZGljdGlvbi5wZGbSHB0kJaIlIVxOU0RpY3Rpb25hcnkSAAGGoF8QD05TS2V5ZWRBcmNoaXZlcgAIABEAFgAfACgAMgA1ADoAPABFAEsAUgBdAGUAbABvAHEAcwB2AHgAegB8AIYAkwCYAKACNgI4Aj0CRgJRAlUCYwJqAnMCnwKkAqcCtAK5AAAAAAAAAgEAAAAAAAAAKAAAAAAAAAAAAAAAAAAAAss=},
  owner = {HP_Administrator},
  timestamp = {2011.03.23}
}

@ARTICLE{Priest1979,
  author = {Graham Priest},
  title = {Logic of Paradox},
  journal = {Journal of Philosophical Logic},
  year = {1979},
  volume = {8},
  pages = {219-241},
  date-added = {2011-03-08 19:58:00 -0500},
  date-modified = {2011-03-08 19:58:35 -0500}
}

@ARTICLE{Putnam:1957,
  author = {Hilary Putnam},
  title = {Three-valued logic},
  journal = {Philosophical Studies},
  year = {1957},
  volume = {8},
  pages = {73-80},
  date-added = {2010-09-04 17:22:54 -0400},
  date-modified = {2010-09-04 17:22:54 -0400}
}

@BOOK{Rescher1969,
  title = {Many-valued {L}ogic},
  publisher = {McGraw-Hill},
  year = {1969},
  author = {Nicholas Rescher},
  date-added = {2011-03-12 16:49:55 -0500},
  date-modified = {2011-03-12 16:50:33 -0500}
}

@INCOLLECTION{Rossberg2009,
  author = {Marcus Rossberg},
  title = {Leonard, {G}oodman, and the Development of the 'Calculus of Individuals'},
  booktitle = {From Logic to Art: Themes from Nelson Goodman},
  publisher = {Ontos Verlag: Heusenstamm bei Frankfurt},
  year = {2009},
  timestamp = {2011.04.20}
}

@INCOLLECTION{Russell:1915,
  author = {Bertrand Russell},
  title = {The Ultimate Constituents of Matter},
  booktitle = {Bertrand Russell: His Works},
  publisher = {George Allen \& Unwin Ltd., London},
  year = {1986},
  editor = {John G. Slater},
  volume = {8},
  pages = {94-107},
  date-added = {2010-09-04 17:22:54 -0400},
  date-modified = {2010-09-10 10:46:08 -0400}
}

@ARTICLE{Russell:18,
  author = {Russell, Bertrand},
  title = {The Philosophy of Logical Atomism},
  journal = {The Monist},
  year = {1918},
  volume = {28, 29},
  pages = {495-527; 33-63, 190-222, 344-380},
  owner = {HP_Administrator},
  timestamp = {2009.05.01}
}

@INCOLLECTION{Russell:1917,
  author = {Bertrand Russell},
  title = {The relation of sense-data to physics},
  booktitle = {Mysticism and Logic},
  publisher = {George Allen \& Unwin Ltd., London},
  year = {1917},
  date-added = {2010-09-04 17:22:54 -0400},
  date-modified = {2010-09-04 17:22:54 -0400}
}

@ARTICLE{Ryle1990,
  author = {Gilbert Ryle},
  title = {Logical Atomism in Plato's Theaetetus},
  journal = {Phronesis},
  year = {1990},
  volume = {35},
  pages = {21-46},
  bdsk-file-1 = {YnBsaXN0MDDUAQIDBAUIJidUJHRvcFgkb2JqZWN0c1gkdmVyc2lvblkkYXJjaGl2ZXLRBgdUcm9vdIABqAkKFRYXGyIjVSRudWxs0wsMDQ4RFFpOUy5vYmplY3RzV05TLmtleXNWJGNsYXNzog8QgASABqISE4ACgAOAB1lhbGlhc0RhdGFccmVsYXRpdmVQYXRo0hgNGRpXTlMuZGF0YU8RAZQAAAAAAZQAAgAACEtJTkdTVE9OAAAAAAAAAAAAAAAAAAAAAAAAAAAAAABCRAAB/////x9SeWxlLUxvZ0F0b21pc21QbGEjRkZGRkZGRkYucGRmAAAAAAAAAAAAAAAAAAAAAAAAAAAAAAAAAAAAAAAAAAD/////AAAAAAAAAAAAAAAAAAEAAwAACgJJUwAAAAAAAAAAAAAAAAAIYXJ0aWNsZXMAAgBCLzpWb2x1bWVzOktJTkdTVE9OOkRpc3M6YXJ0aWNsZXM6UnlsZS1Mb2dBdG9taXNtUGxhdG9UaGVhdGV0dXMucGRmAA4ARAAhAFIAeQBsAGUALQBMAG8AZwBBAHQAbwBtAGkAcwBtAFAAbABhAHQAbwBUAGgAZQBhAHQAZQB0AHUAcwAuAHAAZABmAA8AEgAIAEsASQBOAEcAUwBUAE8ATgASADAvRGlzcy9hcnRpY2xlcy9SeWxlLUxvZ0F0b21pc21QbGF0b1RoZWF0ZXR1cy5wZGYAEwARL1ZvbHVtZXMvS0lOR1NUT04A//8AAIAF0hwdHh9YJGNsYXNzZXNaJGNsYXNzbmFtZaMfICFdTlNNdXRhYmxlRGF0YVZOU0RhdGFYTlNPYmplY3RfECphcnRpY2xlcy9SeWxlLUxvZ0F0b21pc21QbGF0b1RoZWF0ZXR1cy5wZGbSHB0kJaIlIVxOU0RpY3Rpb25hcnkSAAGGoF8QD05TS2V5ZWRBcmNoaXZlcgAIABEAFgAfACgAMgA1ADoAPABFAEsAUgBdAGUAbABvAHEAcwB2AHgAegB8AIYAkwCYAKACOAI6Aj8CSAJTAlcCZQJsAnUCogKnAqoCtwK8AAAAAAAAAgEAAAAAAAAAKAAAAAAAAAAAAAAAAAAAAs4=},
  date-added = {2011-03-26 18:50:04 -0400},
  date-modified = {2011-03-26 18:51:16 -0400}
}

@ARTICLE{Sayward1989,
  author = {Charles Sayward},
  title = {Does the Law of Excluded Middle Require Bivalence?},
  journal = {Erkenntnis},
  year = {1989},
  volume = {31},
  pages = {129-137},
  bdsk-file-1 = {YnBsaXN0MDDUAQIDBAUIJidUJHRvcFgkb2JqZWN0c1gkdmVyc2lvblkkYXJjaGl2ZXLRBgdUcm9vdIABqAkKFRYXGyIjVSRudWxs0wsMDQ4RFFpOUy5vYmplY3RzV05TLmtleXNWJGNsYXNzog8QgASABqISE4ACgAOAB1lhbGlhc0RhdGFccmVsYXRpdmVQYXRo0hgNGRpXTlMuZGF0YU8RAZwAAAAAAZwAAgAACEtJTkdTVE9OAAAAAAAAAAAAAAAAAAAAAAAAAAAAAABCRAAB/////x9TYXl3YXJkLURvZXNMZW1SZXEjRkZGRkZGRkYucGRmAAAAAAAAAAAAAAAAAAAAAAAAAAAAAAAAAAAAAAAAAAD/////AAAAAAAAAAAAAAAAAAEAAwAACgJJUwAAAAAAAAAAAAAAAAAIYXJ0aWNsZXMAAgBELzpWb2x1bWVzOktJTkdTVE9OOkRpc3M6YXJ0aWNsZXM6U2F5d2FyZC1Eb2VzTGVtUmVxdWlyZUJpdmFsZW5jZS5wZGYADgBIACMAUwBhAHkAdwBhAHIAZAAtAEQAbwBlAHMATABlAG0AUgBlAHEAdQBpAHIAZQBCAGkAdgBhAGwAZQBuAGMAZQAuAHAAZABmAA8AEgAIAEsASQBOAEcAUwBUAE8ATgASADIvRGlzcy9hcnRpY2xlcy9TYXl3YXJkLURvZXNMZW1SZXF1aXJlQml2YWxlbmNlLnBkZgATABEvVm9sdW1lcy9LSU5HU1RPTgD//wAAgAXSHB0eH1gkY2xhc3Nlc1okY2xhc3NuYW1lox8gIV1OU011dGFibGVEYXRhVk5TRGF0YVhOU09iamVjdF8QLGFydGljbGVzL1NheXdhcmQtRG9lc0xlbVJlcXVpcmVCaXZhbGVuY2UucGRm0hwdJCWiJSFcTlNEaWN0aW9uYXJ5EgABhqBfEA9OU0tleWVkQXJjaGl2ZXIACAARABYAHwAoADIANQA6ADwARQBLAFIAXQBlAGwAbwBxAHMAdgB4AHoAfACGAJMAmACgAkACQgJHAlACWwJfAm0CdAJ9AqwCsQK0AsECxgAAAAAAAAIBAAAAAAAAACgAAAAAAAAAAAAAAAAAAALY},
  date-added = {2011-03-26 18:51:24 -0400},
  date-modified = {2011-03-26 18:52:33 -0400}
}

@ARTICLE{Schaffer:03,
  author = {Jonathan Schaffer},
  title = {Is There a Fundamental Level?},
  journal = {Nous},
  year = {2003},
  volume = {37},
  pages = {498-515},
  owner = {HP_Administrator},
  timestamp = {2009.09.25}
}

@ARTICLE{Schneider:01,
  author = {Schneider, Susan},
  title = {Alien Individuals, Alien Universals, and Armstrong's Combinatorial
	Theory of Possibility},
  journal = {Southern Journal of Philosophy},
  year = {2001},
  volume = {39},
  pages = {575-593},
  owner = {HP_Administrator},
  timestamp = {2009.01.23}
}

@ARTICLE{Shalkowski:94,
  author = {Shalkowski, S. A.},
  title = {The Ontological Ground of the Alethic Modality},
  journal = {Philosophical Review},
  year = {1994},
  volume = {103},
  pages = {669-688},
  bdsk-file-1 = {YnBsaXN0MDDUAQIDBAUIJidUJHRvcFgkb2JqZWN0c1gkdmVyc2lvblkkYXJjaGl2ZXLRBgdUcm9vdIABqAkKFRYXGyIjVSRudWxs0wsMDQ4RFFpOUy5vYmplY3RzV05TLmtleXNWJGNsYXNzog8QgASABqISE4ACgAOAB1lhbGlhc0RhdGFccmVsYXRpdmVQYXRo0hgNGRpXTlMuZGF0YU8RAdIAAAAAAdIAAgAACEtJTkdTVE9OAAAAAAAAAAAAAAAAAAAAAAAAAAAAAABCRAAB/////x9TaGFsa293a2k5NC1PbnRvbG8jRkZGRkZGRkYucGRmAAAAAAAAAAAAAAAAAAAAAAAAAAAAAAAAAAAAAAAAAAD/////AAAAAAAAAAAAAAAAAAEAAwAACgJJUwAAAAAAAAAAAAAAAAAIYXJ0aWNsZXMAAgBRLzpWb2x1bWVzOktJTkdTVE9OOkRpc3M6YXJ0aWNsZXM6U2hhbGtvd2tpOTQtT250b2xvZ2ljYWxHcm91bmRBbGV0aGljTW9kYWxpdHkucGRmAAAOAGIAMABTAGgAYQBsAGsAbwB3AGsAaQA5ADQALQBPAG4AdABvAGwAbwBnAGkAYwBhAGwARwByAG8AdQBuAGQAQQBsAGUAdABoAGkAYwBNAG8AZABhAGwAaQB0AHkALgBwAGQAZgAPABIACABLAEkATgBHAFMAVABPAE4AEgA/L0Rpc3MvYXJ0aWNsZXMvU2hhbGtvd2tpOTQtT250b2xvZ2ljYWxHcm91bmRBbGV0aGljTW9kYWxpdHkucGRmAAATABEvVm9sdW1lcy9LSU5HU1RPTgD//wAAgAXSHB0eH1gkY2xhc3Nlc1okY2xhc3NuYW1lox8gIV1OU011dGFibGVEYXRhVk5TRGF0YVhOU09iamVjdF8QOWFydGljbGVzL1NoYWxrb3draTk0LU9udG9sb2dpY2FsR3JvdW5kQWxldGhpY01vZGFsaXR5LnBkZtIcHSQloiUhXE5TRGljdGlvbmFyeRIAAYagXxAPTlNLZXllZEFyY2hpdmVyAAgAEQAWAB8AKAAyADUAOgA8AEUASwBSAF0AZQBsAG8AcQBzAHYAeAB6AHwAhgCTAJgAoAJ2AngCfQKGApEClQKjAqoCswLvAvQC9wMEAwkAAAAAAAACAQAAAAAAAAAoAAAAAAAAAAAAAAAAAAADGw==},
  owner = {HP_Administrator},
  timestamp = {2009.01.23}
}

@ARTICLE{Sider:05,
  author = {Sider, T.},
  title = {Another look at Armstrong's Combinatorialism},
  journal = {Nous},
  year = {2005},
  volume = {4},
  pages = {679-695},
  bdsk-file-1 = {YnBsaXN0MDDUAQIDBAUIJidUJHRvcFgkb2JqZWN0c1gkdmVyc2lvblkkYXJjaGl2ZXLRBgdUcm9vdIABqAkKFRYXGyIjVSRudWxs0wsMDQ4RFFpOUy5vYmplY3RzV05TLmtleXNWJGNsYXNzog8QgASABqISE4ACgAOAB1lhbGlhc0RhdGFccmVsYXRpdmVQYXRo0hgNGRpXTlMuZGF0YU8RAbIAAAAAAbIAAgAACEtJTkdTVE9OAAAAAAAAAAAAAAAAAAAAAAAAAAAAAABCRAAB/////x9TaWRlcjA1LUFub3RoZXJMb28jRkZGRkZGRkYucGRmAAAAAAAAAAAAAAAAAAAAAAAAAAAAAAAAAAAAAAAAAAD/////AAAAAAAAAAAAAAAAAAEAAwAACgJJUwAAAAAAAAAAAAAAAAAIYXJ0aWNsZXMAAgBJLzpWb2x1bWVzOktJTkdTVE9OOkRpc3M6YXJ0aWNsZXM6U2lkZXIwNS1Bbm90aGVyTG9va2F0Q29tYmluYXRvcmlhbHNtLnBkZgAADgBSACgAUwBpAGQAZQByADAANQAtAEEAbgBvAHQAaABlAHIATABvAG8AawBhAHQAQwBvAG0AYgBpAG4AYQB0AG8AcgBpAGEAbABzAG0ALgBwAGQAZgAPABIACABLAEkATgBHAFMAVABPAE4AEgA3L0Rpc3MvYXJ0aWNsZXMvU2lkZXIwNS1Bbm90aGVyTG9va2F0Q29tYmluYXRvcmlhbHNtLnBkZgAAEwARL1ZvbHVtZXMvS0lOR1NUT04A//8AAIAF0hwdHh9YJGNsYXNzZXNaJGNsYXNzbmFtZaMfICFdTlNNdXRhYmxlRGF0YVZOU0RhdGFYTlNPYmplY3RfEDFhcnRpY2xlcy9TaWRlcjA1LUFub3RoZXJMb29rYXRDb21iaW5hdG9yaWFsc20ucGRm0hwdJCWiJSFcTlNEaWN0aW9uYXJ5EgABhqBfEA9OU0tleWVkQXJjaGl2ZXIACAARABYAHwAoADIANQA6ADwARQBLAFIAXQBlAGwAbwBxAHMAdgB4AHoAfACGAJMAmACgAlYCWAJdAmYCcQJ1AoMCigKTAscCzALPAtwC4QAAAAAAAAIBAAAAAAAAACgAAAAAAAAAAAAAAAAAAALz},
  owner = {HP_Administrator},
  timestamp = {2009.01.23}
}

@ARTICLE{Simons:2005,
  author = {Peter Simons},
  title = {Negatives, numbers, and necessity},
  journal = {Australasian Journal of Philosophy},
  year = {2005},
  volume = {83},
  pages = {253-261},
  bdsk-file-1 = {YnBsaXN0MDDUAQIDBAUIJidUJHRvcFgkb2JqZWN0c1gkdmVyc2lvblkkYXJjaGl2ZXLRBgdUcm9vdIABqAkKFRYXGyIjVSRudWxs0wsMDQ4RFFpOUy5vYmplY3RzV05TLmtleXNWJGNsYXNzog8QgASABqISE4ACgAOAB1lhbGlhc0RhdGFccmVsYXRpdmVQYXRo0hgNGRpXTlMuZGF0YU8RAdwAAAAAAdwAAgAACEtJTkdTVE9OAAAAAAAAAAAAAAAAAAAAAAAAAAAAAABCRAAB/////x9TaW1vbnMtTmVnYXRpdmVzTnUjRkZGRkZGRkYucGRmAAAAAAAAAAAAAAAAAAAAAAAAAAAAAAAAAAAAAAAAAAD/////AAAAAAAAAAAAAAAAAAEABAAACgJJUwAAAAAAAAAAAAAAAAAVQXJtc3Ryb25nIE1ldGFwaHlzaWNzAAACAFsvOlZvbHVtZXM6S0lOR1NUT046RGlzczphcnRpY2xlczpBcm1zdHJvbmcgTWV0YXBoeXNpY3M6U2ltb25zLU5lZ2F0aXZlc051bWJlcnNOZWNlc3NpdHkucGRmAAAOAEoAJABTAGkAbQBvAG4AcwAtAE4AZQBnAGEAdABpAHYAZQBzAE4AdQBtAGIAZQByAHMATgBlAGMAZQBzAHMAaQB0AHkALgBwAGQAZgAPABIACABLAEkATgBHAFMAVABPAE4AEgBJL0Rpc3MvYXJ0aWNsZXMvQXJtc3Ryb25nIE1ldGFwaHlzaWNzL1NpbW9ucy1OZWdhdGl2ZXNOdW1iZXJzTmVjZXNzaXR5LnBkZgAAEwARL1ZvbHVtZXMvS0lOR1NUT04A//8AAIAF0hwdHh9YJGNsYXNzZXNaJGNsYXNzbmFtZaMfICFdTlNNdXRhYmxlRGF0YVZOU0RhdGFYTlNPYmplY3RfEENhcnRpY2xlcy9Bcm1zdHJvbmcgTWV0YXBoeXNpY3MvU2ltb25zLU5lZ2F0aXZlc051bWJlcnNOZWNlc3NpdHkucGRm0hwdJCWiJSFcTlNEaWN0aW9uYXJ5EgABhqBfEA9OU0tleWVkQXJjaGl2ZXIACAARABYAHwAoADIANQA6ADwARQBLAFIAXQBlAGwAbwBxAHMAdgB4AHoAfACGAJMAmACgAoACggKHApACmwKfAq0CtAK9AwMDCAMLAxgDHQAAAAAAAAIBAAAAAAAAACgAAAAAAAAAAAAAAAAAAAMv},
  date-added = {2011-03-25 18:53:24 -0400},
  date-modified = {2011-03-25 18:54:59 -0400}
}

@ARTICLE{Skyrms:93,
  author = {Skyrms, B.},
  title = {Logical Atoms and Combinatorial Possibility},
  journal = {Journal of Philosophy},
  year = {1993},
  volume = {90},
  pages = {219-232},
  bdsk-file-1 = {YnBsaXN0MDDUAQIDBAUIJidUJHRvcFgkb2JqZWN0c1gkdmVyc2lvblkkYXJjaGl2ZXLRBgdUcm9vdIABqAkKFRYXGyIjVSRudWxs0wsMDQ4RFFpOUy5vYmplY3RzV05TLmtleXNWJGNsYXNzog8QgASABqISE4ACgAOAB1lhbGlhc0RhdGFccmVsYXRpdmVQYXRo0hgNGRpXTlMuZGF0YU8RAcwAAAAAAcwAAgAACEtJTkdTVE9OAAAAAAAAAAAAAAAAAAAAAAAAAAAAAABCRAAB/////x9Ta3lybXMtTG9naWNhbEF0b20jRkZGRkZGRkYucGRmAAAAAAAAAAAAAAAAAAAAAAAAAAAAAAAAAAAAAAAAAAD/////AAAAAAAAAAAAAAAAAAEAAwAACgJJUwAAAAAAAAAAAAAAAAAIYXJ0aWNsZXMAAgBQLzpWb2x1bWVzOktJTkdTVE9OOkRpc3M6YXJ0aWNsZXM6U2t5cm1zLUxvZ2ljYWxBdG9tc0NvbWJpbmF0b3JpYWxQb3NzaWJpbGl0eS5wZGYADgBgAC8AUwBrAHkAcgBtAHMALQBMAG8AZwBpAGMAYQBsAEEAdABvAG0AcwBDAG8AbQBiAGkAbgBhAHQAbwByAGkAYQBsAFAAbwBzAHMAaQBiAGkAbABpAHQAeQAuAHAAZABmAA8AEgAIAEsASQBOAEcAUwBUAE8ATgASAD4vRGlzcy9hcnRpY2xlcy9Ta3lybXMtTG9naWNhbEF0b21zQ29tYmluYXRvcmlhbFBvc3NpYmlsaXR5LnBkZgATABEvVm9sdW1lcy9LSU5HU1RPTgD//wAAgAXSHB0eH1gkY2xhc3Nlc1okY2xhc3NuYW1lox8gIV1OU011dGFibGVEYXRhVk5TRGF0YVhOU09iamVjdF8QOGFydGljbGVzL1NreXJtcy1Mb2dpY2FsQXRvbXNDb21iaW5hdG9yaWFsUG9zc2liaWxpdHkucGRm0hwdJCWiJSFcTlNEaWN0aW9uYXJ5EgABhqBfEA9OU0tleWVkQXJjaGl2ZXIACAARABYAHwAoADIANQA6ADwARQBLAFIAXQBlAGwAbwBxAHMAdgB4AHoAfACGAJMAmACgAnACcgJ3AoACiwKPAp0CpAKtAugC7QLwAv0DAgAAAAAAAAIBAAAAAAAAACgAAAAAAAAAAAAAAAAAAAMU},
  owner = {HP_Administrator},
  timestamp = {2009.01.23}
}

@ARTICLE{Skyrms:81,
  author = {Skyrms, B.},
  title = {Tractarian Nominalism},
  journal = {Philosophical Studies},
  year = {1981},
  volume = {40},
  pages = {199-206},
  owner = {HP_Administrator},
  timestamp = {2009.01.23}
}

@ARTICLE{Smiley1972,
  author = {Timothy Smiley},
  title = {What Is a Syllogism?},
  journal = {Journal of Symbolic Logic},
  year = {1972},
  volume = {2},
  pages = {136-54},
  date-added = {2011-03-08 18:35:21 -0500},
  date-modified = {2011-03-08 18:36:05 -0500}
}

@ARTICLE{Thomason:78,
  author = {S. K. Thomason},
  title = {Possible Worlds and Many Truth Values},
  journal = {Studia Logica},
  year = {1978},
  volume = {37},
  pages = {195-204},
  bdsk-file-1 = {YnBsaXN0MDDUAQIDBAUIJidUJHRvcFgkb2JqZWN0c1gkdmVyc2lvblkkYXJjaGl2ZXLRBgdUcm9vdIABqAkKFRYXGyIjVSRudWxs0wsMDQ4RFFpOUy5vYmplY3RzV05TLmtleXNWJGNsYXNzog8QgASABqISE4ACgAOAB1lhbGlhc0RhdGFccmVsYXRpdmVQYXRo0hgNGRpXTlMuZGF0YU8RAbIAAAAAAbIAAgAACEtJTkdTVE9OAAAAAAAAAAAAAAAAAAAAAAAAAAAAAABCRAAB/////x9UaG9tYXNvbjc4LVBvc3NXb3IjRkZGRkZGRkYucGRmAAAAAAAAAAAAAAAAAAAAAAAAAAAAAAAAAAAAAAAAAAD/////AAAAAAAAAAAAAAAAAAEAAwAACgJJUwAAAAAAAAAAAAAAAAAIYXJ0aWNsZXMAAgBJLzpWb2x1bWVzOktJTkdTVE9OOkRpc3M6YXJ0aWNsZXM6VGhvbWFzb243OC1Qb3NzV29ybGRzTWFueVRydXRoVmFsdWVzLnBkZgAADgBSACgAVABoAG8AbQBhAHMAbwBuADcAOAAtAFAAbwBzAHMAVwBvAHIAbABkAHMATQBhAG4AeQBUAHIAdQB0AGgAVgBhAGwAdQBlAHMALgBwAGQAZgAPABIACABLAEkATgBHAFMAVABPAE4AEgA3L0Rpc3MvYXJ0aWNsZXMvVGhvbWFzb243OC1Qb3NzV29ybGRzTWFueVRydXRoVmFsdWVzLnBkZgAAEwARL1ZvbHVtZXMvS0lOR1NUT04A//8AAIAF0hwdHh9YJGNsYXNzZXNaJGNsYXNzbmFtZaMfICFdTlNNdXRhYmxlRGF0YVZOU0RhdGFYTlNPYmplY3RfEDFhcnRpY2xlcy9UaG9tYXNvbjc4LVBvc3NXb3JsZHNNYW55VHJ1dGhWYWx1ZXMucGRm0hwdJCWiJSFcTlNEaWN0aW9uYXJ5EgABhqBfEA9OU0tleWVkQXJjaGl2ZXIACAARABYAHwAoADIANQA6ADwARQBLAFIAXQBlAGwAbwBxAHMAdgB4AHoAfACGAJMAmACgAlYCWAJdAmYCcQJ1AoMCigKTAscCzALPAtwC4QAAAAAAAAIBAAAAAAAAACgAAAAAAAAAAAAAAAAAAALz},
  owner = {HP_Administrator},
  timestamp = {2009.01.26}
}

@INCOLLECTION{Weingartner2004,
  author = {Paul Weingartner},
  title = {Reasons from Science for Limiting Classical Logic},
  booktitle = {Alternative {L}ogics: {D}o {S}ciences {N}eed {T}hem?},
  publisher = {Springer},
  year = {2004},
  editor = {Paul Weingartner},
  pages = {233-248},
  timestamp = {2011.03.28}
}

@BOOK{Wittgenstein:61,
  title = {Tractatus {L}ogico-{P}hilosophicus},
  publisher = {Routledge and Kegan Paul},
  year = {1961},
  author = {Wittgenstein, Ludwig},
  note = {trans. D. F. Pears and B. F. McGuiness},
  owner = {HP_Administrator},
  timestamp = {2009.05.01}
}

@comment{jabref-meta: selector_publisher:}

@comment{jabref-meta: selector_author:}

@comment{jabref-meta: selector_journal:}

@comment{jabref-meta: selector_keywords:}

