%% This BibTeX bibliography file was created using BibDesk.
%% http://bibdesk.sourceforge.net/


%% Created for Doug Owings at 2010-02-28 12:07:24 -0600 


%% Saved with string encoding Unicode (UTF-8) 


@comment{jabref-meta: selector_journal:}
@comment{jabref-meta: selector_author:}
@comment{jabref-meta: selector_keywords:}
@comment{jabref-meta: selector_publisher:}


@string{jmb = {Journal of Mind and Behavior}}

@string{pas = {Proceedings of the Aristotelian Society}}

@string{ppr = {Philosophy and Phenomenological Research}}

@string{pr = {Philosophical Review}}


@article{sier:1993,
	Author = {Sider, T.},
	Date-Added = {2010-02-28 11:52:29 -0600},
	Date-Modified = {2010-02-28 12:05:37 -0600},
	Journal = {Analysis},
	Number = {4},
	Pages = {285-289},
	Title = {Van {I}nwagen and the Possibility of Gunk},
	Volume = {53},
	Year = {1993}}

@book{locke:1690,
	Author = {John Locke},
	Date-Added = {2010-02-28 11:47:29 -0600},
	Date-Modified = {2010-02-28 11:49:07 -0600},
	Title = {An essay concerning human understanding},
	Year = {1690}}

@book{kim:1998,
	Author = {Kim, J.},
	Date-Added = {2010-02-28 11:46:14 -0600},
	Date-Modified = {2010-02-28 11:46:54 -0600},
	Publisher = {MIT Press},
	Title = {Mind in a Physical World: An Essay on the Mind-Body Problem and Mental Causation},
	Year = {1998}}

@book{bohm:1957,
	Author = {David Bohm},
	Date-Added = {2010-02-28 11:44:14 -0600},
	Date-Modified = {2010-02-28 11:45:27 -0600},
	Publisher = {Routledge and Kegan Paul},
	Title = {Causality and Chance in Modern Physics},
	Year = {1957}}

@incollection{carnap:1959,
	Author = {Rudolph Carnap},
	Booktitle = {Logical Positivism},
	Date-Added = {2010-02-28 11:39:45 -0600},
	Date-Modified = {2010-02-28 11:41:10 -0600},
	Editor = {A. J. Ayer},
	Pages = {60-81},
	Publisher = {Macmilan},
	Title = {The Elimination of Metaphysics through Logical Analysis of Language},
	Year = {1959}}

@article{baxter:1988,
	Author = {Donald Baxter},
	Date-Added = {2010-02-28 11:38:25 -0600},
	Date-Modified = {2010-02-28 11:39:26 -0600},
	Journal = {Philosophical Papers},
	Pages = {193-216},
	Title = {Many-One Identity},
	Volume = {17},
	Year = {1988}}

@article{schaffer:2008,
	Author = {Schaffer, Jonathan},
	Date-Added = {2010-02-28 11:36:22 -0600},
	Date-Modified = {2010-02-28 11:37:35 -0600},
	Journal = {Philosophical Review},
	Number = {1},
	Pages = {31-76},
	Title = {Monism: The priority of the whole},
	Volume = {119},
	Year = {2008}}

@article{brown:2009,
	Author = {M. J. Brown},
	Date-Added = {2010-02-28 11:32:03 -0600},
	Date-Modified = {2010-02-28 11:33:37 -0600},
	Journal = {British Journal for the Philosophy of Science},
	Number = {679-695},
	Title = {Relational Quantum Mechanics and the Determinacy Problem},
	Volume = {60},
	Year = {2009}}

@book{armstrong:1985,
	Author = {Armstrong, D. M.},
	Date-Added = {2010-02-28 11:24:07 -0600},
	Date-Modified = {2010-02-28 11:24:32 -0600},
	Publisher = {Cambridge University Press},
	Title = {What is a Law of Nature?},
	Year = {1985}}

@book{armstrong:2004,
	Author = {Armstrong, D. M.},
	Date-Added = {2010-02-28 11:22:59 -0600},
	Date-Modified = {2010-02-28 11:23:26 -0600},
	Publisher = {Cambridge University Press},
	Title = {Truth and Truthmakers},
	Year = {2004}}

@article{armstrong:1993,
	Author = {Armstrong, D. M.},
	Date-Added = {2010-02-28 11:21:47 -0600},
	Date-Modified = {2010-02-28 11:22:31 -0600},
	Journal = {Philosophical Perspectives},
	Pages = {429-440},
	Title = {A World of States of Affairs},
	Volume = {7},
	Year = {1993}}

@article{grupp:2006,
	Author = {Jeffrey Grupp},
	Date-Added = {2010-02-28 11:19:17 -0600},
	Date-Modified = {2010-02-28 11:50:18 -0600},
	Journal = {Axiomathes},
	Number = {3},
	Pages = {245-386},
	Title = {Mereological nihilism: quantum atomism and the impossibility of material constitution},
	Volume = {16},
	Year = {2006}}

@article{williams:2007,
	Author = {J. R. G. Williams},
	Date-Added = {2010-02-28 11:16:28 -0600},
	Date-Modified = {2010-02-28 11:17:21 -0600},
	Journal = {Australasian Journal of Philosophy},
	Number = {2},
	Pages = {193-203},
	Title = {The possibility of onion worlds: Rebutting an argument for structural universals},
	Volume = {85},
	Year = {2007}}

@article{montero:2006,
	Author = {Barbara Montero},
	Date-Added = {2010-02-28 10:45:13 -0600},
	Date-Modified = {2010-02-28 10:46:13 -0600},
	Journal = {Erkenntnis},
	Number = {2},
	Pages = {177-191},
	Title = {Physicalism in and Infinitely Decomposable World},
	Volume = {64},
	Year = {2006}}

@article{williams:2006,
	Author = {J. R. G. Williams},
	Date-Added = {2010-02-28 10:44:07 -0600},
	Date-Modified = {2010-02-28 10:44:59 -0600},
	Journal = {Philosophical Perspectives},
	Number = {1},
	Pages = {493-513},
	Title = {Illusions of gunk},
	Volume = {20},
	Year = {2006}}

@article{papineau:2005,
	Author = {Andreas Huttemann and David Papineau},
	Date-Added = {2010-02-28 10:42:20 -0600},
	Date-Modified = {2010-02-28 10:43:41 -0600},
	Journal = {Analysis},
	Number = {1},
	Pages = {33-39},
	Title = {Physicalism decomposed},
	Volume = {65},
	Year = {2005}}

@article{schaffer:2007,
	Author = {Schaffer, Jonathan},
	Date-Added = {2010-02-28 10:40:27 -0600},
	Date-Modified = {2010-02-28 10:41:33 -0600},
	Journal = {Australasian Journal of Philosophy},
	Number = {2},
	Pages = {175-191},
	Title = {From nihilism to monism},
	Volume = {85},
	Year = {2007}}

@incollection{leibniz:1697,
	Author = {G. W. Leibniz},
	Booktitle = {G. W. Leibniz: Philosophical Essays},
	Date-Added = {2010-02-28 10:28:19 -0600},
	Date-Modified = {2010-02-28 10:36:58 -0600},
	Editor = {Ariew and Garber},
	Publisher = {Hackett, Indianapolis},
	Title = {On the Ultimate Origination of Things},
	Year = {1697}}

@incollection{leibniz:1686,
	Author = {G. W. Leibniz},
	Booktitle = {G. W. Leibniz: Philosophical Essays},
	Date-Added = {2010-02-28 10:25:19 -0600},
	Date-Modified = {2010-02-28 12:04:51 -0600},
	Editor = {Ariew and Garber},
	Pages = {69-90},
	Publisher = {Hackett, Indianapolis},
	Title = {From the Letters to {A}rnauld},
	Year = {1686}}

@article{cameron:2004,
	Author = {Ross Cameron},
	Date-Added = {2010-02-28 10:18:26 -0600},
	Date-Modified = {2010-02-28 10:21:25 -0600},
	Journal = {Philosophical Quarterly},
	Number = {230},
	Pages = {1-14},
	Title = {Turtles all the way down: Regress, priority and fundamentality in metaphysics},
	Volume = {58},
	Year = {2004}}

@book{Broad:1927,
	Author = {Charles Dunbar Broad},
	Publisher = {Routledge, London},
	Title = {Scientific thought},
	Year = 1927}

@book{Beall:2003,
	Author = {JC Beall and Bas C. van Fraassen},
	Publisher = {Oxford University Press},
	Title = {Possibilities and paradox},
	Year = 2003}

@book{Chisholm:1957,
	Author = {Roderick Chisholm},
	Publisher = {Cornell University Press, Ithaca, New York},
	Title = {Perceiving: A Philosophical Study},
	Year = 1957}

@book{McGee:1994,
	Author = {Vann McGee},
	Publisher = {Hackett, Indianapolis},
	Title = {Truth, vagueness and paradox},
	Year = 1994}

@book{Russell:1910,
	Author = {Alfred North Whitehead and Bertrand Russell},
	Publisher = {Cambridge University Press},
	Title = {Principia Mathematica},
	Year = 1910}

@incollection{Moore:1953,
	Author = {G. E. Moore},
	Booktitle = {Some main problems of philosophy},
	Chapter = {II},
	Pages = {28-40},
	Publisher = {George Allen \& Unwin Ltd., London},
	Title = {Sense data},
	Year = {1953}}

@incollection{Moore:1957,
	Author = {G. E. Moore},
	Booktitle = {British philosophy in mid-century},
	Editor = {C. A. Mace},
	Publisher = {George Allen \& Unwin Ltd., London},
	Title = {Visual sense-data},
	Year = {1957}}

@incollection{Russell:1917,
	Author = {Bertrand Russell},
	Booktitle = {Mysticism and Logic},
	Publisher = {George Allen \& Unwin Ltd., London},
	Title = {The relation of sense-data to physics},
	Year = {1917}}

@incollection{Field:2003,
	Author = {Hartry Field},
	Booktitle = {Liars and heaps: new essays on paradox},
	Editor = {JC Beall},
	Pages = {262-311},
	Publisher = {Clarendon Press, Oxford},
	Title = {Semantic paradoxes and the paradoxes of vagueness},
	Year = {2003}}

@incollection{Beall:2004,
	Author = {JC Beall},
	Booktitle = {The law of non-contradiction},
	Date-Modified = {2010-02-28 10:35:01 -0600},
	Editor = {JC Beall and Graham Priest and Bradley Armour-Garb},
	Publisher = {Oxford University Press},
	Title = {True and false - as if},
	Year = {2004}}

@incollection{Beall:2005,
	Author = {Jc Beall},
	Booktitle = {Deflationism and Paradox},
	Date-Modified = {2010-02-28 10:34:43 -0600},
	Editor = {Jc Beall and Bradley Armour-Garb},
	Pages = {7-22},
	Publisher = {Oxford University Press},
	Title = {Transparent disquotationalism},
	Year = {2005}}

@incollection{Russell:1924,
	Author = {Bertrand Russell},
	Booktitle = {Logic and Knowledge, Essays 1901-1950},
	Editor = {Robert C. Marsh},
	Pages = {321-344},
	Publisher = {G. P. Putnam's Sons, New York (1971)},
	Title = {Logical Atomism},
	Year = {1924}}

@incollection{Russell:1918,
	Author = {Bertrand Russell},
	Booktitle = {Logic and Knowledge, Essays 1901-1950},
	Editor = {Robert C. Marsh},
	Pages = {175-282},
	Publisher = {G. P. Putnam's Sons, New York (1971)},
	Title = {The Philosophy of Logical Atomism},
	Year = {1918}}

@article{Russell:1915,
	Author = {Bertrand Russell},
	Journal = {The Monist},
	Pages = {94-107},
	Title = {The Ultimate Constituents of Matter},
	Year = {1915}}

@article{Broad:1952,
	Author = {C. D. Broad},
	Journal = {Philosophy},
	Pages = {29-48},
	Title = {Some elementary reflexions on sense-perception},
	Volume = {27},
	Year = {1952}}

@article{Moore:1918,
	Author = {G. E. Moore},
	Journal = pas,
	Pages = {1-28},
	Title = {Some judgments of perception},
	Volume = {19},
	Year = {1918}}

@article{Barnes:1944,
	Author = {Winston H. F. Barnes},
	Journal = pas,
	Title = {The myth of sense data},
	Volume = {45},
	Year = {1944}}

@article{Putnam:1957,
	Author = {Hilary Putnam},
	Journal = {Philosophical Studies},
	Pages = {73-80},
	Title = {Three-valued logic},
	Volume = {8},
	Year = {1957}}

@book{Armstrong:89,
	Author = {Armstrong, D. M.},
	Owner = {HP_Administrator},
	Publisher = {Cambridge University Press},
	Timestamp = {2009.01.23},
	Title = {A Combinatorial theory of possibility},
	Year = {1989}}

@article{Armstrong:86,
	Author = {Armstrong, D. M.},
	Journal = {Canadian Journal of Philosophy},
	Owner = {HP_Administrator},
	Pages = {575-94},
	Timestamp = {2009.01.23},
	Title = {The Nature of Possibility},
	Volume = {16},
	Year = {1986}}

@book{Bradley:92,
	Author = {Bradley, R.},
	Owner = {HP_Administrator},
	Publisher = {Oxford University Press},
	Timestamp = {2009.01.29},
	Title = {The nature of all being: a study of Wittgenstein's modal atomism},
	Year = {1992}}

@article{Bradley:89,
	Author = {Bradley, R.},
	Date-Modified = {2010-02-28 12:02:22 -0600},
	Journal = {Canadian Journal of Philosophy},
	Owner = {HP_Administrator},
	Pages = {15-40},
	Timestamp = {2009.01.23},
	Title = {Possibility and combinatorialism: Wittgenstein versus {A}rmstrong},
	Volume = {19},
	Year = {1989}}

@article{Cresswell:79,
	Author = {Cresswell, M.},
	Journal = {Australasian Journal of Philosophy},
	Owner = {HP_Administrator},
	Pages = {1-13},
	Timestamp = {2009.01.23},
	Title = {The world is everything that is the case},
	Volume = {50},
	Year = {1979}}

@article{Dishkant:78,
	Author = {Herman Dishkant},
	Date-Modified = {2010-02-28 12:04:32 -0600},
	Journal = {Studia Logica},
	Owner = {HP_Administrator},
	Pages = {149-155},
	Timestamp = {2009.01.26},
	Title = {An extension of the {L}ukasiewicz Logic to the Modal Logic of Quantum Mechanics},
	Volume = {37},
	Year = {1978}}

@article{Edgington:04,
	Author = {Edgington, Dorothy},
	Journal = {Aristotelian Society: Supplementary Volume},
	Owner = {HP_Administrator},
	Pages = {1-22},
	Timestamp = {2009.04.30},
	Title = {Two Kinds of Possibility},
	Volume = {78},
	Year = {2004}}

@article{Fitting:95,
	Author = {Melvin Fitting},
	Journal = {Studia Logica},
	Owner = {HP_Administrator},
	Pages = {63-87},
	Timestamp = {2009.01.26},
	Title = {Tableaus for Many-Valued Modal Logic},
	Volume = {55},
	Year = {1995}}

@article{Hiipakka:99,
	Author = {Hiipakka, J. and Keinanen, M. and Korhonen, A.},
	Journal = {Australasian Journal of Philosophy},
	Owner = {HP_Administrator},
	Pages = {483-497},
	Timestamp = {2009.01.23},
	Title = {A Combinatorial Theory of Modality},
	Volume = {77},
	Year = {1999}}

@article{Kim:86,
	Author = {Kim, J.},
	Journal = {Canadian Journal of Philosophy},
	Owner = {HP_Administrator},
	Pages = {595-612},
	Timestamp = {2009.01.23},
	Title = {Armstrong on Possible Worlds},
	Volume = {16},
	Year = {1986}}

@book{Kripke:80,
	Author = {Kripke, Saul},
	Owner = {HP_Administrator},
	Publisher = {Harvard University Press},
	Timestamp = {2009.05.01},
	Title = {Naming and Necessity},
	Year = {1980}}

@article{Lewis:92,
	Author = {Lewis, D.},
	Date-Modified = {2010-02-28 12:05:03 -0600},
	Journal = {Australasian Journal of Philosophy},
	Owner = {HP_Administrator},
	Pages = {211-224},
	Timestamp = {2009.01.23},
	Title = {Critical Notice of {D}. {M}. {A}rmstrong, A Combinatorial Theory of Possibility},
	Volume = {70},
	Year = {1992}}

@article{Lombardo:02,
	Author = {Lombardo, E. S. G.},
	Journal = {Australasian Journal of Philosophy},
	Owner = {HP_Administrator},
	Pages = {207-320},
	Timestamp = {2009.01.23},
	Title = {Analogical versus Discrete Theories of Possibility},
	Volume = {80},
	Year = {2002}}

@article{Mormann:97,
	Abstract = {This paper discusses a version of logical atomism without logical
	atoms and the appropriate notion of combinational possibility for
	such a metaphysics. Such an atomless metaphysics can be embedded
	in an atomic metaphysics by adding ideal elements, and this yields
	a different set of combinational possibilities.},
	Author = {Mormann, T.},
	Journal = {Logic and Logical Philosophy},
	Owner = {HP_Administrator},
	Pages = {75-92},
	Timestamp = {2009.01.23},
	Title = {Topological Aspects of Combinatorial Possibility},
	Volume = {5},
	Year = {1997}}

@article{Mormann:92,
	Author = {Mormann, T.},
	Journal = {Journal of Philosophical Logic},
	Owner = {HP_Administrator},
	Pages = {149-172},
	Timestamp = {2009.01.23},
	Title = {Structural Accessibility and Similarity of Possible Worlds},
	Volume = {21},
	Year = {1992}}

@book{Priest:08,
	Author = {Graham Priest},
	Owner = {HP_Administrator},
	Publisher = {Cambridge University Press},
	Timestamp = {2009.01.25},
	Title = {An Introduction to Non-Classical Logic: From If to Is},
	Year = {2008}}

@article{Schaffer:03,
	Author = {Schaffer, Jonathan},
	Journal = {Nous},
	Owner = {HP_Administrator},
	Pages = {498-517},
	Timestamp = {2009.05.01},
	Title = {Is there a fundamental level?},
	Volume = {37},
	Year = {2003}}

@article{Schneider:01,
	Author = {Schneider, Susan},
	Date-Modified = {2010-02-28 12:05:23 -0600},
	Journal = {Southern Journal of Philosophy},
	Owner = {HP_Administrator},
	Pages = {575-593},
	Timestamp = {2009.01.23},
	Title = {Alien Individuals, Alien Universals, and {A}rmstrong's Combinatorial Theory of Possibility},
	Volume = {39},
	Year = {2001}}

@article{Shalkowski:94,
	Author = {Shalkowski, S. A.},
	Journal = {Philosophical Review},
	Owner = {HP_Administrator},
	Pages = {669-688},
	Timestamp = {2009.01.23},
	Title = {The Ontological Ground of the Alethic Modality},
	Volume = {103},
	Year = {1994}}

@article{Sider:05,
	Author = {Sider, T.},
	Date-Modified = {2010-02-28 12:05:30 -0600},
	Journal = {Nous},
	Owner = {HP_Administrator},
	Pages = {679-695},
	Timestamp = {2009.01.23},
	Title = {Another look at {A}rmstrong's Combinatorialism},
	Volume = {4},
	Year = {2005}}

@article{Skyrms:93,
	Author = {Skyrms, B.},
	Journal = {Journal of Philosophy},
	Owner = {HP_Administrator},
	Pages = {219-232},
	Timestamp = {2009.01.23},
	Title = {Logical Atoms and Combinatorial Possibility},
	Volume = {90},
	Year = {1993}}

@article{Skyrms:81,
	Author = {Skyrms, B.},
	Journal = {Philosophical Studies},
	Owner = {HP_Administrator},
	Pages = {199-206},
	Timestamp = {2009.01.23},
	Title = {Tractarian Nominalism},
	Volume = {40},
	Year = {1981}}

@article{Thomason:78,
	Author = {S. K. Thomason},
	Journal = {Studia Logica},
	Owner = {HP_Administrator},
	Pages = {195-204},
	Timestamp = {2009.01.26},
	Title = {Possible Worlds and Many Truth Values},
	Volume = {37},
	Year = {1978}}

@book{Wittgenstein:61,
	Author = {Wittgenstein, Ludwig},
	Owner = {HP_Administrator},
	Publisher = {Routledge and Kegan Paul},
	Timestamp = {2009.05.01},
	Title = {Tractatus Logico-Philosophicus, trans. D. F. Pears and B. F. McGuiness},
	Year = {1961}}
